area_total,area_use,community_name,direction,floor,heating_method,house_name,house_property,house_record,house_type,house_usage,house_years,images,images_urls,is_left,last_trade_time,left_rate,pawn,property_own,release_date,structure,sub_info,total_amount,total_floors,trade_property,unit_price
80.72,71.61,格瑞雅居,南 北,高楼层 (共6层),集中供暖,格瑞雅居南北向精装2居满五年随时看房！_北京通州九棵树(家乐福)格瑞雅居二手房(北京链家),,101111964893,2室2厅1厨1卫,普通住宅,满五年,,"https://image1.ljcdn.com/110000-inspection/023272f1-7b11-4fcb-91ce-fd152cf6fe18.jpg.1420x800.jpg,https://image1.ljcdn.com/110000-inspection/pc1_Uq0D0DPTW_1.jpg.1420x800.jpg,https://image1.ljcdn.com/110000-inspection/21ef087e-c5d2-470f-a121-1ceeec390b0a.jpg.1420x800.jpg,https://image1.ljcdn.com/x-se/hdic-frame/standard_1b8711c5-ff7c-4f7a-bff2-e5b10fca9593.png.1066x800.jpg,https://image1.ljcdn.com/110000-inspection/c270c9eb-9002-4896-be2f-83dff410e572.jpg.1420x800.jpg,https://image1.ljcdn.com/110000-inspection/9c631dcb-5f61-409f-933b-1822ff6f6abc.jpg.1420x800.jpg,https://image1.ljcdn.com/110000-inspection/f6fed975-5c62-4e0e-82b6-5e1f6294b0f2.jpg.1420x800.jpg,https://image1.ljcdn.com/110000-inspection/a561bcf1-874b-41f4-b594-5a3b98f3e53f.jpg.1420x800.jpg,https://image1.ljcdn.com/110000-inspection/62df7619-945f-4a07-81ea-074019bfcd3b.jpg.1420x800.jpg",无,2009-06-14,一梯三户,无抵押,非共有,2021-06-17,,精装,357,6,商品房,44227
74.8,,华威北里,西南 北,中楼层 (共18层),集中供暖,格局好大客厅视野开阔临近小区公园前后不临街。_北京朝阳潘家园华威北里二手房(北京链家),,101111794144,2室1厅1厨1卫,普通住宅,满五年,,"https://image1.ljcdn.com/110000-inspection/prod-1ec8e434-f07c-48d4-b67a-4a827d0cb41e.jpeg.1420x800.jpg,https://image1.ljcdn.com/110000-inspection/prod-d3426d83-1b72-4ced-bbc0-696f0414fbd5.jpg.1420x800.jpg,https://image1.ljcdn.com/x-se/hdic-frame/prod-18372ad6-74ff-4fc9-adf3-d2ecdf50db7c.png.1066x800.jpg,https://image1.ljcdn.com/110000-inspection/prod-55892a29-3c00-43bc-85ce-1cc079cc4ca7.jpg.1420x800.jpg,https://image1.ljcdn.com/110000-inspection/prod-3e363e6e-f50e-49b0-b6c7-7ea9dc5c7d54.jpg.1420x800.jpg,https://image1.ljcdn.com/110000-inspection/prod-fb9a380f-0ada-4175-b09b-9ad9029f337c.jpg.1420x800.jpg",有,2003-01-13,两梯八户,无抵押,非共有,2021-06-02,,简装,425,18,已购公房,56819
155.89,130.84,朗润园一期,南 北,高楼层 (共9层),集中供暖,万科朗润园南北通透三居室前后无遮挡房子没有住过_北京大兴旧宫朗润园一期二手房(北京链家),,101110124807,3室2厅1厨2卫,普通住宅,满两年,,"https://image1.ljcdn.com/110000-inspection/test-10f70226-ced8-43df-b3b0-493ccb8cc1d8.png.1420x800.jpg,https://image1.ljcdn.com/110000-inspection/test-522c30e1-30d2-4388-a796-ac539d8929ea.png.1420x800.jpg,https://image1.ljcdn.com/110000-inspection/test-0acb0a31-ac59-458e-ad1c-2ebb7a4c604b.png.1420x800.jpg,https://image1.ljcdn.com/x-se/hdic-frame/test-23c5fb5b-055d-4445-9411-800b9a945fd5.png.1066x800.jpg,https://image1.ljcdn.com/110000-inspection/test-5c612bba-906a-40dd-aac1-7d481cddbc0b.png.1420x800.jpg,https://image1.ljcdn.com/110000-inspection/test-36536038-c5c5-4516-89e3-8ca1aa1b8c2b.png.1420x800.jpg,https://image1.ljcdn.com/110000-inspection/test-b1ecdf61-99dc-4760-bdfd-397def764070.png.1420x800.jpg,https://image1.ljcdn.com/110000-inspection/test-18d5b60c-850a-4170-86b0-ad10ec89f2e5.png.1420x800.jpg,https://image1.ljcdn.com/110000-inspection/test-2c3e170d-109d-4dff-8308-8fd62a51fbec.png.1420x800.jpg,https://image1.ljcdn.com/110000-inspection/test-87aca743-db3d-47ff-9f42-ff3e17226a93.png.1420x800.jpg",有,2018-10-11,一梯两户,无抵押,非共有,2020-12-19,,精装,998,9,商品房,64020
61.9,48.9,万达广场公寓,东北,高楼层 (共27层),集中供暖,万达广场公寓方正一居室业主诚意出售_北京朝阳CBD万达广场公寓二手房(北京链家),,101111813005,1室1厅1厨1卫,普通住宅,满五年,,"https://image1.ljcdn.com/110000-inspection/00caeab4-bb2a-4e26-9bdc-bddf59bb1997.jpg.1420x800.jpg,https://image1.ljcdn.com/110000-inspection/test-0d42e17d-58a6-419d-a22a-6fe97e62a312.png.1420x800.jpg,https://image1.ljcdn.com/110000-inspection/ec1568c1-71b6-402e-b2cb-669755b8c9c5.jpg.1420x800.jpg,https://image1.ljcdn.com/x-se/hdic-frame/test-72789979-f9c8-4ed4-b859-37f536b42ae0.png.1066x800.jpg,https://image1.ljcdn.com/110000-inspection/29e571c9-f6ae-4b65-b761-62e6086b8330.jpg.1420x800.jpg,https://image1.ljcdn.com/110000-inspection/4ffc46ec-18b4-40f1-b75a-d8f8ecdc2197.jpg.1420x800.jpg,https://image1.ljcdn.com/110000-inspection/ac888d75-bedf-4254-80bf-0418bbcfb28b.jpg.1420x800.jpg",有,2005-10-08,三梯六户,无抵押,非共有,2021-06-04,,精装,470,27,商品房,75929
111.89,94.57,金地朗悦朗园,南 北,顶层 (共8层),集中供暖,金地朗悦朗园上跃精装南北通透小区中间位置满五唯一_北京房山长阳金地朗悦朗园二手房(北京链家),,101110274327,3室1厅1厨2卫,普通住宅,满五年,,"https://image1.ljcdn.com/110000-inspection/362c416b-79b1-4f6a-8597-69f1f7a43e16.jpg.1420x800.jpg,https://image1.ljcdn.com/110000-inspection/apc_MZ8gJ8vhz_1.jpg.1420x800.jpg,https://image1.ljcdn.com/x-se/hdic-frame/standard_d4b1a94b-d41a-4b46-a7a3-816aa94548f0.png.1066x800.jpg,https://image1.ljcdn.com/110000-inspection/225bca86-59ef-4e68-965e-943e30cbdef5.jpg.1420x800.jpg,https://image1.ljcdn.com/110000-inspection/f0a3e830-8e5f-4af1-b807-2d1291034a51.jpg.1420x800.jpg,https://image1.ljcdn.com/110000-inspection/4b2de4fe-d28a-45e5-a6a7-868d4f53e43f.jpg.1420x800.jpg,https://image1.ljcdn.com/110000-inspection/2666fab5-fd8a-4094-920d-8f25949c5196.jpg.1420x800.jpg,https://image1.ljcdn.com/110000-inspection/4e79f794-b934-4d91-8ee6-db7e0dd88ed9.jpg.1420x800.jpg,https://image1.ljcdn.com/110000-inspection/77f47d9a-ff99-4935-a4d0-79ecf2d4cb7c.jpg.1420x800.jpg,https://image1.ljcdn.com/110000-inspection/1d047111-0bb0-40eb-be6c-1a2bea7787b7.jpg.1420x800.jpg,https://image1.ljcdn.com/110000-inspection/bd0ac5ff-0cf5-4e25-925f-25b5b2d938a6.jpg.1420x800.jpg",有,2015-08-03,一梯两户,有抵押120万元中国建设银行客户偿还,非共有,2021-01-06,,精装,565,8,商品房,50497
57.2,,M5朗峰,东,低楼层 (共10层),集中供暖,通州北苑地铁万达广场东向2居双卫70年产权住宅_北京通州通州北苑M5朗峰二手房(北京链家),,101109201943,2室1厅1厨2卫,普通住宅,满五年,,"https://image1.ljcdn.com/110000-inspection/e15c95a4-7334-40ed-952c-f73ab559e0b8.jpg.1420x800.jpg,https://image1.ljcdn.com/110000-inspection/3fbea1f0-5501-420a-905f-aa2362775df6.jpg.1420x800.jpg,https://image1.ljcdn.com/x-se/hdic-frame/standard_437ee42c-46b2-4e50-a891-3e5e6dd5f3cb.png.1066x800.jpg,https://image1.ljcdn.com/110000-inspection/b95a3f8a-9538-44a2-b465-5324728c0573.jpg.1420x800.jpg,https://image1.ljcdn.com/110000-inspection/a89ceef8-e681-462f-bdbe-56d8a4f141fe.jpg.1420x800.jpg,https://image1.ljcdn.com/110000-inspection/872c4652-0f3f-4c83-b260-cace85ea1422.jpg.1420x800.jpg,https://image1.ljcdn.com/110000-inspection/69e04ca9-732e-4717-9981-925da0944083.jpg.1420x800.jpg,https://image1.ljcdn.com/110000-inspection/fec9ddc9-0c9f-4800-b652-755c56bd0f9a.jpg.1420x800.jpg",有,2014-10-24,两梯二十三户,无抵押,非共有,2020-09-15,,精装,369,10,商品房,64511
124.58,,翡翠城二期,南 北,中楼层 (共4层),自供暖,翡翠城二期，双卫，别墅区，车位充足免费，两个公园_北京大兴高米店翡翠城二期二手房(北京链家),,101108794004,2室2厅1厨2卫,普通住宅,满五年,,"https://image1.ljcdn.com/110000-inspection/6c856fe7-d077-4cb7-95c9-aab34664bcb3.jpg.1420x800.jpg,https://image1.ljcdn.com/110000-inspection/pc1_0KIBJPYem_1.jpg.1420x800.jpg,https://image1.ljcdn.com/110000-inspection/6d8db82e-6fe4-41a9-bbc5-08fad4f7d065.jpg.1420x800.jpg,https://image1.ljcdn.com/x-se/hdic-frame/standard_4db358dd-810b-4df8-9c80-37977a0fa9ea.png.1066x800.jpg,https://image1.ljcdn.com/110000-inspection/15fd7085-e5dc-4700-a6f1-1d3265ffb6c1.jpg.1420x800.jpg,https://image1.ljcdn.com/110000-inspection/087732de-b602-430b-967a-cbce15f3238f.jpg.1420x800.jpg,https://image1.ljcdn.com/110000-inspection/30aabc57-54bd-4fb9-a7fe-2bbdc0a5693d.jpg.1420x800.jpg,https://image1.ljcdn.com/110000-inspection/1ead47a8-dee2-406c-8b61-8ada31a8d931.jpg.1420x800.jpg,https://image1.ljcdn.com/110000-inspection/f465525b-b86f-4605-ae5c-563b4687ae2b.jpg.1420x800.jpg",无,2016-04-13,一梯两户,有抵押80万元农业银行客户偿还,非共有,2020-08-11,,精装,540,4,商品房,43346
71.2,,五里店南里,南 西 北,顶层 (共6层),集中供暖,五里店南里精装大2居，看房方便，诚心出售，_北京丰台五里店五里店南里二手房(北京链家),,101111128632,2室1厅1厨1卫,普通住宅,满五年,,"https://image1.ljcdn.com/110000-inspection/08558949-c1f1-4c13-9fce-36e714825045.jpg.1420x800.jpg,https://image1.ljcdn.com/110000-inspection/pc1_Nlr1IoicC_1.jpg.1420x800.jpg,https://image1.ljcdn.com/110000-inspection/pc0_KbatumSsy_1.jpg.1420x800.jpg,https://image1.ljcdn.com/x-se/hdic-frame/standard_0173ebac-1e2e-4fcf-b894-4881af033d4c.png.1066x800.jpg,https://image1.ljcdn.com/110000-inspection/pc0_bgZ8nTT3T_1.jpg.1420x800.jpg,https://image1.ljcdn.com/110000-inspection/pc0_fVMOT7hZw_2.jpg.1420x800.jpg,https://image1.ljcdn.com/110000-inspection/71f25c87-dfa0-40cc-abf7-a18182ca57f0.jpg.1420x800.jpg",无,2001-03-29,一梯五户,无抵押,非共有,2021-04-07,,精装,285,6,已购公房,40029
79.74,,东方银座,南,高楼层 (共26层),集中供暖,东城商品房，楼层好，视野开阔，采光好，原购房价高_北京东城东直门东方银座二手房(北京链家),,101110902992,1室1厅1厨1卫,公寓/公寓,满两年,,"https://image1.ljcdn.com/110000-inspection/8c059321-87ee-4bb5-b8b8-6442c88b1354.jpg.1420x800.jpg,https://image1.ljcdn.com/110000-inspection/8991c992-c952-4172-b148-a85dcbcb78ba.jpg.1420x800.jpg,https://image1.ljcdn.com/110000-inspection/39865c8d-97e9-4a11-ab11-c5bad603a2fa.jpg.1420x800.jpg,https://image1.ljcdn.com/x-se/hdic-frame/prod-b39056fd-b7cb-4111-9d03-fc2d3ac352b2.png.1066x800.jpg,https://image1.ljcdn.com/110000-inspection/a542e493-a856-4a5c-89b9-ced47e911d8f.jpg.1420x800.jpg,https://image1.ljcdn.com/110000-inspection/76f675d9-12b1-487c-9a82-73f4567a2f7f.jpg.1420x800.jpg,https://image1.ljcdn.com/110000-inspection/4bc8f4b8-f7e3-4096-a647-f360e1a36c5a.jpg.1420x800.jpg",有,2017-01-09,三梯八户,有抵押180万元,非共有,2021-03-20,,精装,695,26,商品房,87159
56.92,44.91,新通国际花园,东,低楼层 (共28层),集中供暖,新通国际花园东向开间，精装修，公立幼儿园人车分流_北京通州梨园新通国际花园二手房(北京链家),,101110239427,1室0厅1厨1卫,普通住宅,满两年,,"https://image1.ljcdn.com/110000-inspection/61b1434a-dac1-4036-aa84-228454811980.jpg.1420x800.jpg,https://image1.ljcdn.com/110000-inspection/pc1_C2I9EqA0N.jpg.1420x800.jpg,https://image1.ljcdn.com/110000-inspection/3ccfd93e-a613-4abd-bf92-b310131f1fc5.jpg.1420x800.jpg,https://image1.ljcdn.com/x-se/hdic-frame/standard_cf7b2049-0fbd-44ce-9555-6313ab38ce8e.png.1066x800.jpg,https://image1.ljcdn.com/110000-inspection/a3a1903a-1d8b-4174-9434-76197678988f.jpg.1420x800.jpg",有,2016-07-26,一梯四户,有抵押110万元北京银行,非共有,2021-01-02,,简装,239,28,商品房,41989
72.1,54.08,教育街,东 南 北,底层 (共12层),集中供暖,西单教育街南北通透三居室满五年唯一_北京西城金融街教育街二手房(北京链家),,101109552556,3室1厅1厨1卫,普通住宅,满五年,,"https://image1.ljcdn.com/110000-inspection/0c20a35e-1304-4a76-ab7d-5d493207e6df.jpg.1420x800.jpg,https://image1.ljcdn.com/110000-inspection/pc1_NoIP0bLBo_1.jpg.1420x800.jpg,https://image1.ljcdn.com/110000-inspection/pc0_XGgwiwG8S_1.jpg.1420x800.jpg,https://image1.ljcdn.com/x-se/hdic-frame/standard_db92548a-da75-4de2-a268-47627f9304f7.png.1066x800.jpg,https://image1.ljcdn.com/110000-inspection/18025e9d-fb3d-445e-8764-3c00b2f68c0d.jpg.1420x800.jpg,https://image1.ljcdn.com/110000-inspection/2661239f-3e47-4afd-9ccf-eb4654fde425.jpg.1420x800.jpg,https://image1.ljcdn.com/110000-inspection/56c14d1b-84f4-4d4d-a402-e4a8c2f9f64c.jpg.1420x800.jpg,https://image1.ljcdn.com/110000-inspection/2e3842e1-9a4a-4f12-87d9-937d5aaf8470.jpg.1420x800.jpg,https://image1.ljcdn.com/110000-inspection/d43d0fba-4c2b-4ed9-94e8-9ab71ee56ed4.jpg.1420x800.jpg,https://image1.ljcdn.com/110000-inspection/6297f77e-0dec-40fe-8223-0835ba3b2809.jpg.1420x800.jpg,https://image1.ljcdn.com/110000-inspection/c03a3a61-e36f-4e91-bbff-bcc5a62bedb0.jpg.1420x800.jpg",有,2008-07-01,两梯三户,无抵押,非共有,2020-10-18,,精装,1180,12,已购公房,163662
97.83,,枣营南里,南 北,底层 (共6层),集中供暖,枣营南里南北通透三居室大客厅明厅楼龄1997年_北京朝阳农展馆枣营南里二手房(北京链家),,101111947354,3室1厅1厨1卫,普通住宅,满五年,,"https://image1.ljcdn.com/110000-inspection/pc0_7fyiDTNhL_1.jpg.1420x800.jpg,https://image1.ljcdn.com/110000-inspection/pc0_o4Lh6CRsV_1.jpg.1420x800.jpg,https://image1.ljcdn.com/x-se/hdic-frame/standard_b5e42214-23de-46cd-94b0-ad6f95ae4635.png.1066x800.jpg,https://image1.ljcdn.com/110000-inspection/pc0_c3T7HbhNo_1.jpg.1420x800.jpg,https://image1.ljcdn.com/110000-inspection/pc0_o8AsRiOEu_1.jpg.1420x800.jpg,https://image1.ljcdn.com/110000-inspection/pc0_lQijKwy6r_1.jpg.1420x800.jpg,https://image1.ljcdn.com/110000-inspection/pc0_SU3rZelzd_1.jpg.1420x800.jpg,https://image1.ljcdn.com/110000-inspection/pc0_NB2TbcFea_1.jpg.1420x800.jpg,https://image1.ljcdn.com/110000-inspection/pc0_XeaMZ0knY_1.jpg.1420x800.jpg,https://image1.ljcdn.com/110000-inspection/pc0_X9nuiv55C_1.jpg.1420x800.jpg,https://image1.ljcdn.com/110000-inspection/pc0_BzN4dvBy0_1.jpg.1420x800.jpg,https://image1.ljcdn.com/110000-inspection/pc0_E5V2Yp2WA_1.jpg.1420x800.jpg",无,1998-08-08,一梯两户,无抵押,非共有,2021-06-16,,简装,700,6,已购公房,71553
144.35,116.91,珠江绿洲,南 北,低楼层 (共31层),集中供暖,珠江绿洲交通便利，居住舒适，通透，视野无遮挡，_北京朝阳双桥珠江绿洲二手房(北京链家),,101111984096,3室2厅1厨2卫,普通住宅,满五年,,"https://image1.ljcdn.com/110000-inspection/e42e6eac-882f-4510-86ac-87a632883e99_1000.jpg.1420x800.jpg,https://image1.ljcdn.com/110000-inspection/pc0_CqO92atMT_1.jpg.1420x800.jpg,https://image1.ljcdn.com/x-se/hdic-frame/standard_53ca8898-ed7d-4a51-bfb8-75da3c970ca9.png.1066x800.jpg,https://image1.ljcdn.com/110000-inspection/pc0_uomSRglaf_1.jpg.1420x800.jpg,https://image1.ljcdn.com/110000-inspection/pc0_2mAHHBVpJ_1.jpg.1420x800.jpg,https://image1.ljcdn.com/110000-inspection/pc0_Mz5M3eVt5_1.jpg.1420x800.jpg,https://image1.ljcdn.com/110000-inspection/4bc6748f-4fdc-4237-bd97-026aec33f5b2_1000.jpg.1420x800.jpg,https://image1.ljcdn.com/110000-inspection/pc0_6fhRaFhst_1.jpg.1420x800.jpg,https://image1.ljcdn.com/110000-inspection/pc0_k0750J3ZZ_1.jpg.1420x800.jpg",有,2006-07-06,三梯六户,无抵押,非共有,2021-06-19,,精装,680,31,商品房,47108
89.74,82.27,鑫融皓月,南 北,中楼层 (共6层),集中供暖,鑫融皓月中间楼层满五年唯一商品房业主诚心出售_北京丰台卢沟桥鑫融皓月二手房(北京链家),,101111482656,2室1厅1厨1卫,普通住宅,满五年,,"https://image1.ljcdn.com/110000-inspection/491eb39a-7798-481b-b680-bdebb12d1f86.jpg.1420x800.jpg,https://image1.ljcdn.com/110000-inspection/pc1_1NbtxpvBc_1.jpg.1420x800.jpg,https://image1.ljcdn.com/110000-inspection/5c28ce86-bccc-431b-99e2-38eb79d2e7c2.jpg.1420x800.jpg,https://image1.ljcdn.com/x-se/hdic-frame/standard_4ba838b6-c57a-418d-a16a-6986b5622ba5.png.1066x800.jpg,https://image1.ljcdn.com/110000-inspection/9508a9fc-b624-419a-8ce2-24ebed31600e.jpg.1420x800.jpg,https://image1.ljcdn.com/110000-inspection/32dda256-5141-4413-998a-c0ed88cb796b.jpg.1420x800.jpg,https://image1.ljcdn.com/110000-inspection/015c9f4f-4a4a-48ad-b837-82d456784411.jpg.1420x800.jpg,https://image1.ljcdn.com/110000-inspection/0f545c19-374f-4185-af56-7b6679114ca3.jpg.1420x800.jpg",无,2009-12-30,一梯三户,有抵押34万元业主自还,非共有,2021-05-06,,简装,449,6,商品房,50034
108.04,,裕祥花园,南 北,底层 (共4层),集中供暖,裕祥花园南北通透三居室户型方正_北京顺义后沙峪裕祥花园二手房(北京链家),,101110123240,3室1厅1厨1卫,普通住宅,满五年,,"https://image1.ljcdn.com/110000-inspection/bdd505a2-fe2e-4a2f-81d7-a7fb5d73c53d.jpg.1420x800.jpg,https://image1.ljcdn.com/110000-inspection/pc1_RxcgreAaD_1.jpg.1420x800.jpg,https://image1.ljcdn.com/110000-inspection/72a42aee-3e7f-428f-9cb1-c4bff9283d63.jpg.1420x800.jpg,https://image1.ljcdn.com/x-se/hdic-frame/standard_895c9202-299b-4f62-8215-c0ec83db1240.png.1066x800.jpg,https://image1.ljcdn.com/110000-inspection/10b34c32-e9f1-4601-9579-4f2506459ce5.jpg.1420x800.jpg,https://image1.ljcdn.com/110000-inspection/aeb5a20b-2a6d-44b3-bedc-dece1c3d63e4.jpg.1420x800.jpg,https://image1.ljcdn.com/110000-inspection/8ad629b8-964c-46a4-8197-39f351e09c6a.jpg.1420x800.jpg,https://image1.ljcdn.com/110000-inspection/pc0_Klzwz4UGM_1.jpg.1420x800.jpg",无,2014-08-14,一梯两户,无抵押,非共有,2020-12-19,,精装,388,4,商品房,35913
78.29,59.33,金隅悦和园,南,高楼层 (共28层),集中供暖,金隅悦和园2室1厅南_北京朝阳东坝金隅悦和园二手房(北京链家),,101111993557,2室1厅1厨1卫,普通住宅,满五年,,"https://image1.ljcdn.com/110000-inspection/569d5e2f-7960-473b-94f1-d80da28c2573_1000.jpg.1420x800.jpg,https://image1.ljcdn.com/110000-inspection/pc0_cHA600HNq_1.jpg.1420x800.jpg,https://image1.ljcdn.com/x-se/hdic-frame/standard_f1d017d5-83bd-4ec7-86e4-890c0211bbf3.png.1066x800.jpg,https://image1.ljcdn.com/110000-inspection/fa2fa325-5e31-4ea9-b345-f65633b94cc5_1000.jpg.1420x800.jpg,https://image1.ljcdn.com/110000-inspection/c59f80c7-bd41-4de1-8052-542c8485e0e3_1000.jpg.1420x800.jpg,https://image1.ljcdn.com/110000-inspection/92b5604b-0c6c-45bc-94dc-06a382825452_1000.jpg.1420x800.jpg,https://image1.ljcdn.com/110000-inspection/a508c568-83cb-4b38-b82c-b81fac7839bb_1000.jpg.1420x800.jpg",有,2014-12-17,两梯四户,有抵押13万元业主自还,非共有,2021-06-20,,精装,420,28,限价商品房,53647
57.9,,西罗园三区,西南,高楼层 (共12层),集中供暖,西罗园三区西南一居满五年诚心出售_北京丰台西罗园西罗园三区二手房(北京链家),,101111933567,1室1厅1厨1卫,普通住宅,满五年,,"https://image1.ljcdn.com/110000-inspection/pc0_GntgfaigJ_1.jpg.1420x800.jpg,https://image1.ljcdn.com/110000-inspection/pc0_Olt0szS30_1.jpg.1420x800.jpg,https://image1.ljcdn.com/x-se/hdic-frame/standard_9ea7c813-971d-4814-b030-1823a7351389.png.1066x800.jpg,https://image1.ljcdn.com/110000-inspection/pc0_vV3oZbQ1t_1.jpg.1420x800.jpg,https://image1.ljcdn.com/110000-inspection/pc0_Z23OW29Lx_1.jpg.1420x800.jpg",有,2016-01-27,两梯二十三户,无抵押,非共有,2021-06-14,,简装,255,12,已购公房,44042
79.34,68.74,长丰园一区,南 北,中楼层 (共6层),集中供暖,长丰园一区，南北通透，户型房子，采光好。_北京大兴科技园区长丰园一区二手房(北京链家),,101104861225,2室1厅1厨1卫,普通住宅,满两年,,"https://image1.ljcdn.com/110000-inspection/prod-409d9d06-9eb4-46ba-838f-c38ba360745b.jpg.1420x800.jpg,https://image1.ljcdn.com/110000-inspection/prod-01d21c3b-93e2-41fa-b888-f6aee02dab4b.jpg.1420x800.jpg,https://image1.ljcdn.com/110000-inspection/prod-b2bec30a-e360-4990-ac11-9266150e6293.jpg.1420x800.jpg,https://image1.ljcdn.com/x-se/hdic-frame/prod-59cec50e-a511-46bb-8ac9-3b345c094b8f.png.1066x800.jpg,https://image1.ljcdn.com/110000-inspection/prod-b46536f1-d9ec-4013-a95b-9ae50d7d63e4.jpg.1420x800.jpg,https://image1.ljcdn.com/110000-inspection/prod-7a84b110-baa8-4ea6-a88c-e180ac4ef418.jpg.1420x800.jpg,https://image1.ljcdn.com/110000-inspection/prod-4c345bad-f06f-4b00-87f2-61356078a94a.jpg.1420x800.jpg",无,2017-04-14,一梯两户,无抵押,非共有,2019-06-03,,精装,274,6,商品房,34535
76.5,,复兴门北大街,西南,中楼层 (共21层),集中供暖,复兴门北大街3室1厅西南_北京西城月坛复兴门北大街二手房(北京链家),,101111951618,3室1厅1厨1卫,普通住宅,满五年,,"https://image1.ljcdn.com/110000-inspection/pc0_zbKpVOwed_1.jpg.1420x800.jpg,https://image1.ljcdn.com/110000-inspection/pc0_7oOz6mSyY_1.jpg.1420x800.jpg,https://image1.ljcdn.com/x-se/hdic-frame/standard_1a99fb5a-e72c-45f7-a199-fc03601b6a56.png.1066x800.jpg,https://image1.ljcdn.com/110000-inspection/pc0_pYg1MJfQu_1.jpg.1420x800.jpg,https://image1.ljcdn.com/110000-inspection/pc0_qHyiNkcUo_1.jpg.1420x800.jpg,https://image1.ljcdn.com/110000-inspection/pc0_ZyGBmnMJY_1.jpg.1420x800.jpg,https://image1.ljcdn.com/110000-inspection/pc0_7YgTYfXsh_1.jpg.1420x800.jpg",有,2015-07-01,两梯八户,无抵押,非共有,2021-06-16,,简装,1160,21,商品房,151634
132.54,111.63,上林溪,南 西 北,低楼层 (共11层),集中供暖,上林溪板楼三居室，南北通透，精装拎包住，交通方便_北京海淀安宁庄上林溪二手房(北京链家),,101111934340,3室2厅1厨2卫,普通住宅,满两年,,"https://image1.ljcdn.com/110000-inspection/pc0_lV97BosDd_1.jpg.1420x800.jpg,https://image1.ljcdn.com/110000-inspection/pc0_OFVvqjOEn_1.jpg.1420x800.jpg,https://image1.ljcdn.com/x-se/hdic-frame/standard_0bb55a4d-61aa-4008-9afc-26334bb66f2b.png.1066x800.jpg,https://image1.ljcdn.com/110000-inspection/pc0_IN6UGy4Ic_1.jpg.1420x800.jpg,https://image1.ljcdn.com/110000-inspection/pc0_xWoG0SVsi_1.jpg.1420x800.jpg,https://image1.ljcdn.com/110000-inspection/pc0_3y4NWrEgB_1.jpg.1420x800.jpg,https://image1.ljcdn.com/110000-inspection/pc0_7s7Iopkwy_1.jpg.1420x800.jpg,https://image1.ljcdn.com/110000-inspection/pc0_ZgDTEB2R5_1.jpg.1420x800.jpg",有,2017-04-19,一梯两户,有抵押400万元客户偿还,非共有,2021-06-14,,精装,1280,11,商品房,96575
107.66,96.35,天通苑北三区,南 北,底层 (共7层),集中供暖,天通苑北三区4室2厅南北_北京昌平天通苑天通苑北三区二手房(北京链家),,101111988700,4室2厅1厨3卫,普通住宅,满两年,,"https://image1.ljcdn.com/110000-inspection/pc0_cOEDC69r2_1.jpg.1420x800.jpg,https://image1.ljcdn.com/110000-inspection/pc0_dqmCq8rIi_1.jpg.1420x800.jpg,https://image1.ljcdn.com/x-se/hdic-frame/standard_45a0ab7d-3f31-4123-b4ce-def9b02f2db9.png.1066x800.jpg,https://image1.ljcdn.com/110000-inspection/pc0_rNrlZzU37_1.jpg.1420x800.jpg,https://image1.ljcdn.com/110000-inspection/pc0_T2Mhxi7lH_1.jpg.1420x800.jpg,https://image1.ljcdn.com/110000-inspection/pc0_A2Le8s7m6_1.jpg.1420x800.jpg,https://image1.ljcdn.com/110000-inspection/pc0_6dyc74GfB_1.jpg.1420x800.jpg",无,2018-09-29,一梯两户,无抵押,共有,2021-06-19,,精装,525,7,商品房,48765
60.32,,松榆东里,东 北,中楼层 (共18层),集中供暖,北工大松榆东里有电梯两居交通便利_北京朝阳北工大松榆东里二手房(北京链家),,101111992106,2室1厅1厨1卫,普通住宅,满两年,,"https://image1.ljcdn.com/110000-inspection/pc0_lnzSQS6P6_1.jpg.1420x800.jpg,https://image1.ljcdn.com/110000-inspection/pc0_SQDC7W7a9_1.jpg.1420x800.jpg,https://image1.ljcdn.com/x-se/hdic-frame/standard_91e4e0ea-3c15-4bad-85ac-6c01f9371796.png.1066x800.jpg,https://image1.ljcdn.com/110000-inspection/pc0_oqMzWh95N_1.jpg.1420x800.jpg,https://image1.ljcdn.com/110000-inspection/pc0_IfOF2aTAf_1.jpg.1420x800.jpg,https://image1.ljcdn.com/110000-inspection/pc0_VA61EPNXE_1.jpg.1420x800.jpg,https://image1.ljcdn.com/110000-inspection/pc0_dx7K5U92C_1.jpg.1420x800.jpg",有,2018-03-29,两梯十户,有抵押180万元交通银行业主自还,共有,2021-06-20,,简装,375,18,商品房,62169
105.67,91.08,怡海花园恒丰园,南 北,顶层 (共6层),集中供暖,南北通透，双阳台朝南，链家必看好房优质小三居。_北京丰台玉泉营怡海花园恒丰园二手房(北京链家),,101111995696,3室1厅1厨1卫,普通住宅,满五年,,"https://image1.ljcdn.com/110000-inspection/pc0_lcBlAjToP_1.jpg.1420x800.jpg,https://image1.ljcdn.com/110000-inspection/pc0_SI1pNBJa3_1.jpg.1420x800.jpg,https://image1.ljcdn.com/x-se/hdic-frame/standard_15aead41-aded-4308-bb29-8d41b86b23c9.png.1066x800.jpg,https://image1.ljcdn.com/110000-inspection/pc0_sZuQDrjc9_1.jpg.1420x800.jpg,https://image1.ljcdn.com/110000-inspection/pc0_FFXDfTlHU_1.jpg.1420x800.jpg,https://image1.ljcdn.com/110000-inspection/pc0_Nfw8jxfO8_1.jpg.1420x800.jpg,https://image1.ljcdn.com/110000-inspection/pc0_JseQPCrak_1.jpg.1420x800.jpg",无,2015-06-26,一梯两户,无抵押,共有,2021-06-20,,简装,620,6,商品房,58674
89.03,71.12,北苑家园茉藜园,西南,中楼层 (共26层),集中供暖,北苑西南两居，满五唯一，高楼层观赏人工湖，婚房精装_北京朝阳北苑北苑家园茉藜园二手房(北京链家),,101111952228,2室1厅1厨2卫,普通住宅,满五年,,"https://image1.ljcdn.com/110000-inspection/pc0_EH0hir97b_1.jpg.1420x800.jpg,https://image1.ljcdn.com/110000-inspection/pc0_U4X9rLJNV_1.jpg.1420x800.jpg,https://image1.ljcdn.com/x-se/hdic-frame/standard_54ee62f5-aa5e-4298-aefd-5070e952448e.png.1066x800.jpg,https://image1.ljcdn.com/110000-inspection/pc0_ldJWX93Tj_1.jpg.1420x800.jpg,https://image1.ljcdn.com/110000-inspection/pc0_WIcF7rBUq_1.jpg.1420x800.jpg,https://image1.ljcdn.com/110000-inspection/pc0_5iKt4zuSl_1.jpg.1420x800.jpg,https://image1.ljcdn.com/110000-inspection/pc0_dqr9gGSUF_1.jpg.1420x800.jpg",有,2015-04-28,三梯十户,有抵押153万元农业银行客户偿还,非共有,2021-06-16,,精装,562,26,商品房,63125
101.59,,水色时光四区,南 北,高楼层 (共11层),集中供暖,水色时光四区别墅区的洋房满五唯一随时签约_北京顺义顺义其它水色时光四区二手房(北京链家),,101111966411,2室2厅1厨2卫,普通住宅,满五年,,"https://image1.ljcdn.com/110000-inspection/pc1_UPNFGGacn_1.jpg.1420x800.jpg,https://image1.ljcdn.com/110000-inspection/pc0_3g8QfueLw_1.jpg.1420x800.jpg,https://image1.ljcdn.com/110000-inspection/pc0_LBFcJ0VBP_1.jpg.1420x800.jpg,https://image1.ljcdn.com/x-se/hdic-frame/standard_6881da44-2155-44aa-836b-cdde5dfa30eb.png.1066x800.jpg,https://image1.ljcdn.com/110000-inspection/pc0_qtxzgGvjx_1.jpg.1420x800.jpg,https://image1.ljcdn.com/110000-inspection/pc0_nOCndvgmc_1.jpg.1420x800.jpg,https://image1.ljcdn.com/110000-inspection/pc0_DtxtCnGRw_1.jpg.1420x800.jpg,https://image1.ljcdn.com/110000-inspection/pc0_N5wcTBSXv_1.jpg.1420x800.jpg,https://image1.ljcdn.com/110000-inspection/pc0_uJIHQXeWI_1.jpg.1420x800.jpg",有,2016-03-03,一梯两户,无抵押,非共有,2021-06-17,,简装,230,11,商品房,22641
108.74,,UHN国际村,南 北,低楼层 (共28层),集中供暖,南北通透2居双卫对小区只有契税无遮挡_北京朝阳三元桥UHN国际村二手房(北京链家),,101111944331,2室1厅1厨2卫,普通住宅,满两年,,"https://image1.ljcdn.com/110000-inspection/pc0_FGsGLKwEn_2.jpg.1420x800.jpg,https://image1.ljcdn.com/110000-inspection/pc0_BHs1busYe_2.jpg.1420x800.jpg,https://image1.ljcdn.com/x-se/hdic-frame/standard_5406c6e7-1f35-4110-a8ec-50639a1d9378.png.1066x800.jpg,https://image1.ljcdn.com/110000-inspection/pc0_ZToCVUgUw_2.jpg.1420x800.jpg,https://image1.ljcdn.com/110000-inspection/pc0_nHqjhwKS4_2.jpg.1420x800.jpg,https://image1.ljcdn.com/110000-inspection/pc0_pLY8nNbx8_1.jpg.1420x800.jpg,https://image1.ljcdn.com/110000-inspection/pc0_tCJ1SspNq_2.jpg.1420x800.jpg,https://image1.ljcdn.com/110000-inspection/pc0_IbtCg2GRK_1.jpg.1420x800.jpg",有,2018-01-12,两梯两户,有抵押560万元招商银行客户偿还,非共有,2021-06-15,,精装,1080,28,商品房,99320
,,胜古南里,南 北,中楼层 (共6层),集中供暖,胜古南里满五年唯一，中间层，南北通透三居，明厨明卫_北京朝阳惠新西街胜古南里二手房(北京链家),,101111882630,3室1厅1厨1卫,普通住宅,满五年,,"https://image1.ljcdn.com/110000-inspection/pc1_zns4QiqQZ_1.jpg.1420x800.jpg,https://image1.ljcdn.com/110000-inspection/pc0_YCagsns1E_1.jpg.1420x800.jpg,https://image1.ljcdn.com/110000-inspection/pc0_eOjCgsZ3C_1.jpg.1420x800.jpg,https://image1.ljcdn.com/x-se/hdic-frame/standard_6f0de3d0-ddf4-4440-b681-474147cccf37.png.1066x800.jpg,https://image1.ljcdn.com/110000-inspection/pc0_7Uox5TMF8_1.jpg.1420x800.jpg,https://image1.ljcdn.com/110000-inspection/apc_kdJFoM6qz_1.jpg.1420x800.jpg,https://image1.ljcdn.com/110000-inspection/pc0_1vWM3rWWn_1.jpg.1420x800.jpg,https://image1.ljcdn.com/110000-inspection/pc0_SwoA6G6Xf_1.jpg.1420x800.jpg",无,1995-12-20,一梯三户,无抵押,非共有,2021-06-10,,精装,600,6,央产房,74075
52.82,45.85,银地家园,南 北,中楼层 (共7层),集中供暖,银地家西南北一居室，房子满五年，唯一带钥匙_北京丰台花乡银地家园二手房(北京链家),,101111915557,1室1厅1厨1卫,普通住宅,满五年,,"https://image1.ljcdn.com/110000-inspection/289c7147-e1ca-4afe-a6ee-cf31785ebd4d_1000.jpg.1420x800.jpg,https://image1.ljcdn.com/110000-inspection/f915d36c-2276-48d9-ad45-eeb1bf0c3320_1000.jpg.1420x800.jpg,https://image1.ljcdn.com/x-se/hdic-frame/standard_cb4a3bbb-af0f-4f05-bc50-93e9f6881c74.png.1066x800.jpg,https://image1.ljcdn.com/110000-inspection/f2dd031e-93b6-471a-8622-57d1afeba234_1000.jpg.1420x800.jpg,https://image1.ljcdn.com/110000-inspection/f7034bc7-b192-4375-9847-b6c569bb7011_1000.jpg.1420x800.jpg,https://image1.ljcdn.com/110000-inspection/ee6498d0-5bed-4d23-bcf7-b4aceb9d583c_1000.jpg.1420x800.jpg",无,2002-09-13,一梯两户,无抵押,非共有,2021-06-12,,简装,258,7,商品房,48846
72.34,55.82,金融街融汇,南 北,高楼层 (共27层),集中供暖,精装自住，远离高速。满五年业主家庭唯一住房。_北京大兴天宫院金融街融汇二手房(北京链家),,101111939259,2室1厅1厨1卫,普通住宅,满五年,,"https://image1.ljcdn.com/110000-inspection/pc0_nfOvbJafM_1.jpg.1420x800.jpg,https://image1.ljcdn.com/110000-inspection/pc0_XyajzwnFA_1.jpg.1420x800.jpg,https://image1.ljcdn.com/x-se/hdic-frame/standard_7cf04807-52a4-498b-9bec-3588456c01d7.png.1066x800.jpg,https://image1.ljcdn.com/110000-inspection/pc0_3FgIrFcEe_1.jpg.1420x800.jpg,https://image1.ljcdn.com/110000-inspection/pc0_vhv8G9TPP_1.jpg.1420x800.jpg,https://image1.ljcdn.com/110000-inspection/pc0_lj5QIdS4Q_1.jpg.1420x800.jpg",有,2016-04-08,两梯四户,有抵押155万元银行客户偿还,非共有,2021-06-15,,精装,327,27,商品房,45204
149,,世纪东方城,南 北,高楼层 (共10层),集中供暖,世纪东方城小区小区中间位置高楼层三居，有钥匙！_北京朝阳欢乐谷世纪东方城二手房(北京链家),,101111882375,3室2厅1厨2卫,普通住宅,满五年,,"https://image1.ljcdn.com/110000-inspection/pc0_AVC5mIjBz_1.jpg.1420x800.jpg,https://image1.ljcdn.com/110000-inspection/pc0_vqCudi3n7_1.jpg.1420x800.jpg,https://image1.ljcdn.com/x-se/hdic-frame/standard_e18be6d0-ddd8-41ae-bbe0-462a9c5758a1.png.1066x800.jpg,https://image1.ljcdn.com/110000-inspection/pc0_spsjkjmbA_1.jpg.1420x800.jpg,https://image1.ljcdn.com/110000-inspection/apc_KC1Lz9Wph_1.jpg.1420x800.jpg,https://image1.ljcdn.com/110000-inspection/pc0_SHmCgTTrA_1.jpg.1420x800.jpg,https://image1.ljcdn.com/110000-inspection/pc0_KqMwymG8t_2.jpg.1420x800.jpg,https://image1.ljcdn.com/110000-inspection/pc0_Gj3m995eY_2.jpg.1420x800.jpg,https://image1.ljcdn.com/110000-inspection/pc0_NWiPrhvYR_2.jpg.1420x800.jpg",有,2006-11-07,一梯两户,无抵押,非共有,2021-06-10,,简装,1060,10,商品房,71141
106.31,92.48,观林园,东南,高楼层 (共6层),集中供暖,满五唯一精装修，中间楼层三居业主诚心出售_北京海淀清河观林园二手房(北京链家),,101111847135,3室1厅1厨2卫,普通住宅,满五年,,"https://image1.ljcdn.com/110000-inspection/pc1_zX5rPFYVa_1.jpg.1420x800.jpg,https://image1.ljcdn.com/110000-inspection/pc0_Jzxp4AOfj_1.jpg.1420x800.jpg,https://image1.ljcdn.com/110000-inspection/pc0_CBgLpS0OC_1.jpg.1420x800.jpg,https://image1.ljcdn.com/x-se/hdic-frame/standard_8880c59a-f5f9-4a24-9eba-d294d32f330b.png.1066x800.jpg,https://image1.ljcdn.com/110000-inspection/pc0_ZePAYe08t_1.jpg.1420x800.jpg,https://image1.ljcdn.com/110000-inspection/pc0_ZQD53VJOV_1.jpg.1420x800.jpg,https://image1.ljcdn.com/110000-inspection/ac7f0769-a60e-4d86-9445-dc012d8a5d85_1000.jpg.1420x800.jpg,https://image1.ljcdn.com/110000-inspection/8228919f-c63c-4d71-9e05-0402fd69dbab_1000.jpg.1420x800.jpg,https://image1.ljcdn.com/110000-inspection/pc0_7TuZi4fOt_1.jpg.1420x800.jpg",无,2014-05-29,一梯两户,无抵押,非共有,2021-06-07,,精装,899,6,商品房,84565
62.32,,劲松五区,南 北,中楼层 (共6层),集中供暖,劲松五区南北通透明厨明卫精装修中_北京朝阳劲松劲松五区二手房(北京链家),,101111779672,2室1厅1厨1卫,普通住宅,满五年,,"https://image1.ljcdn.com/110000-inspection/pc1_V1AKUlezJ_1.jpg.1420x800.jpg,https://image1.ljcdn.com/110000-inspection/pc0_WtqqMog6b_1.jpg.1420x800.jpg,https://image1.ljcdn.com/110000-inspection/pc0_qXUx1d2rr_1.jpg.1420x800.jpg,https://image1.ljcdn.com/x-se/hdic-frame/standard_7074328f-29ba-4d59-a0dc-eaf3551080f1.png.1066x800.jpg,https://image1.ljcdn.com/110000-inspection/pc0_W2XsuJEhn_1.jpg.1420x800.jpg,https://image1.ljcdn.com/110000-inspection/pc0_vORkwK6Bq_1.jpg.1420x800.jpg,https://image1.ljcdn.com/110000-inspection/pc0_VO6dkSyJG_1.jpg.1420x800.jpg,https://image1.ljcdn.com/110000-inspection/pc0_yIblhswE2_1.jpg.1420x800.jpg,https://image1.ljcdn.com/110000-inspection/pc0_KyojDWGay_1.jpg.1420x800.jpg",无,1999-08-01,一梯三户,无抵押,非共有,2021-06-01,,精装,368,6,已购公房,59051
222.93,184.02,豪柏国际公寓,北 南,高楼层 (共14层),集中供暖,豪柏国际公寓普通住宅三环内环境优美_北京海淀紫竹桥豪柏国际公寓二手房(北京链家),,101111824143,5室2厅1厨2卫,普通住宅,满五年,,"https://image1.ljcdn.com/110000-inspection/pc1_lcLOFmBOT_1.jpg.1420x800.jpg,https://image1.ljcdn.com/110000-inspection/pc0_N2Hc3zSbp_1.jpg.1420x800.jpg,https://image1.ljcdn.com/110000-inspection/pc0_ehrEroD2h_1.jpg.1420x800.jpg,https://image1.ljcdn.com/x-se/hdic-frame/standard_90bf0f39-f040-4e72-b555-b9bbcbe0921e.png.1066x800.jpg,https://image1.ljcdn.com/110000-inspection/pc0_6gkKuiJan_1.jpg.1420x800.jpg,https://image1.ljcdn.com/110000-inspection/pc0_h5rzWIrAu_1.jpg.1420x800.jpg,https://image1.ljcdn.com/110000-inspection/pc0_l5HH8Hx8X_1.jpg.1420x800.jpg,https://image1.ljcdn.com/110000-inspection/pc0_1HfYuBTRL_1.jpg.1420x800.jpg,https://image1.ljcdn.com/110000-inspection/pc0_NMbzJ91v1_1.jpg.1420x800.jpg",有,2004-06-09,两梯六户,无抵押,非共有,2021-06-05,,简装,2220,14,商品房,99583
107.52,,西湖新村,南 北,中楼层 (共7层),集中供暖,西湖新村大两居，中间楼层，满五唯一，有钥匙_北京昌平北七家西湖新村二手房(北京链家),,101111907928,2室1厅1厨2卫,普通住宅,满五年,,"https://image1.ljcdn.com/110000-inspection/apc_I8N7eYP2J_1.jpg.1420x800.jpg,https://image1.ljcdn.com/110000-inspection/apc_6WYYqWQ7E_1.jpg.1420x800.jpg,https://image1.ljcdn.com/x-se/hdic-frame/standard_d28d1e65-569b-44b6-8a89-931498c982d6.png.1066x800.jpg,https://image1.ljcdn.com/110000-inspection/apc_QQqLqQjz7_1.jpg.1420x800.jpg,https://image1.ljcdn.com/110000-inspection/apc_XmRy4SXjJ_1.jpg.1420x800.jpg,https://image1.ljcdn.com/110000-inspection/pc0_vre0qepCm_1.jpg.1420x800.jpg,https://image1.ljcdn.com/110000-inspection/pc0_MIVm6CVl5_1.jpg.1420x800.jpg,https://image1.ljcdn.com/110000-inspection/pc0_vC9hHRojl_1.jpg.1420x800.jpg",无,2005-02-20,一梯两户,无抵押,非共有,2021-06-12,,简装,360,7,商品房,33483
78.24,,卧龙小区,南 北,中楼层 (共7层),集中供暖,卧龙小区板楼南北通透两居中间楼层采光充足_北京朝阳亚运村卧龙小区二手房(北京链家),,101111880928,2室2厅1厨1卫,普通住宅,满五年,,"https://image1.ljcdn.com/110000-inspection/pc1_KUrT5rG6C_1.jpg.1420x800.jpg,https://image1.ljcdn.com/110000-inspection/pc0_AFNuDrN9E_1.jpg.1420x800.jpg,https://image1.ljcdn.com/110000-inspection/apc_fcTOIP5H6_1.jpg.1420x800.jpg,https://image1.ljcdn.com/x-se/hdic-frame/standard_ff19271a-4999-49c4-8a16-afe3737ad6c7.png.1066x800.jpg,https://image1.ljcdn.com/110000-inspection/pc0_g84Cykio0_1.jpg.1420x800.jpg,https://image1.ljcdn.com/110000-inspection/pc0_GxlEnsrfK_1.jpg.1420x800.jpg,https://image1.ljcdn.com/110000-inspection/pc0_JxuscrNh6_1.jpg.1420x800.jpg,https://image1.ljcdn.com/110000-inspection/pc0_DRgsppNeu_1.jpg.1420x800.jpg",无,2013-11-19,一梯两户,无抵押,非共有,2021-06-10,,简装,903,7,商品房,115415
72.12,,福苑小区,南 北,顶层 (共6层),集中供暖,福苑小区，南北通透，满五唯一，户型方正_北京大兴大兴其它福苑小区二手房(北京链家),,101111958406,2室1厅1厨1卫,普通住宅,满五年,,"https://image1.ljcdn.com/110000-inspection/pc0_ZtskECQHk_2.jpg.1420x800.jpg,https://image1.ljcdn.com/110000-inspection/pc0_h2swV2jf5_2.jpg.1420x800.jpg,https://image1.ljcdn.com/x-se/hdic-frame/standard_2f12ea0f-baaf-4055-a051-e15a6329d439.png.1066x800.jpg,https://image1.ljcdn.com/110000-inspection/pc0_9epjHFUaZ_2.jpg.1420x800.jpg,https://image1.ljcdn.com/110000-inspection/pc0_FfP7l8fsg_2.jpg.1420x800.jpg,https://image1.ljcdn.com/110000-inspection/pc0_gWxtjkTjI_2.jpg.1420x800.jpg",无,2013-11-22,一梯两户,无抵押,非共有,2021-06-17,,精装,215,6,已购公房,29812
62.08,,和平街十五区,南,中楼层 (共18层),集中供暖,精装修，双南向，中间层，看房方便，诚心出售_北京朝阳和平里和平街十五区二手房(北京链家),,101111946827,2室1厅1厨1卫,普通住宅,满五年,,"https://image1.ljcdn.com/110000-inspection/apc_HNjiLpqLQ_1.jpg.1420x800.jpg,https://image1.ljcdn.com/110000-inspection/apc_KInobc1WC_1.jpg.1420x800.jpg,https://image1.ljcdn.com/x-se/hdic-frame/standard_3dd3c2fa-0fab-4266-974b-85fdbb5acff9.png.1066x800.jpg,https://image1.ljcdn.com/110000-inspection/d0a4d3aa-599b-4b35-8613-19e9a67698e2_1000.jpg.1420x800.jpg,https://image1.ljcdn.com/110000-inspection/cffc6fc4-87d8-4ef1-8efa-e722e2d25056_1000.jpg.1420x800.jpg,https://image1.ljcdn.com/110000-inspection/pc0_EVXzPAGJS_1.jpg.1420x800.jpg",有,2004-07-20,两梯八户,无抵押,非共有,2021-06-16,,简装,558,18,商品房,89885
69.64,,葛布店北里,东 南 西 北,中楼层 (共6层),集中供暖,葛布店北里三居中间楼层满五年购房成本低_北京通州果园葛布店北里二手房(北京链家),,101111867516,3室1厅1厨1卫,普通住宅,满五年,,"https://image1.ljcdn.com/110000-inspection/pc1_atZ79k7Sp_1.jpg.1420x800.jpg,https://image1.ljcdn.com/110000-inspection/pc0_6UP3qwub7_1.jpg.1420x800.jpg,https://image1.ljcdn.com/110000-inspection/pc0_u9ald7Uwb_1.jpg.1420x800.jpg,https://image1.ljcdn.com/x-se/hdic-frame/standard_ea520d19-103b-4778-9582-8dc436dcec7e.png.1066x800.jpg,https://image1.ljcdn.com/110000-inspection/pc0_ZalRJBdXk_1.jpg.1420x800.jpg,https://image1.ljcdn.com/110000-inspection/pc0_dhlq63uLy_1.jpg.1420x800.jpg,https://image1.ljcdn.com/110000-inspection/pc0_53ZDoCbTk_1.jpg.1420x800.jpg,https://image1.ljcdn.com/110000-inspection/pc0_UapLFz5kf_1.jpg.1420x800.jpg",无,1997-09-18,一梯两户,无抵押,非共有,2021-06-09,,简装,283,6,已购公房,40638
68.2,,北太平庄路,西北,底层 (共14层),集中供暖,北太平庄路小三居户型方正采光好近地铁_北京海淀北太平庄北太平庄路二手房(北京链家),,101111877836,3室1厅1厨1卫,普通住宅,满五年,,"https://image1.ljcdn.com/110000-inspection/pc1_wCc1bciLU_1.jpg.1420x800.jpg,https://image1.ljcdn.com/110000-inspection/pc0_NIRsxffVX_1.jpg.1420x800.jpg,https://image1.ljcdn.com/110000-inspection/pc0_5c69YGjHT_1.jpg.1420x800.jpg,https://image1.ljcdn.com/x-se/hdic-frame/standard_0f6d49ac-d567-4b34-8d39-9f5fd3f4093d.png.1066x800.jpg,https://image1.ljcdn.com/110000-inspection/pc0_D1lccm5Rw_1.jpg.1420x800.jpg,https://image1.ljcdn.com/110000-inspection/pc0_u8gT1SJRM_1.jpg.1420x800.jpg,https://image1.ljcdn.com/110000-inspection/pc0_LLUGw1vET_1.jpg.1420x800.jpg,https://image1.ljcdn.com/110000-inspection/pc0_fPSaItTrr_1.jpg.1420x800.jpg",有,2006-04-29,两梯八户,无抵押,非共有,2021-06-09,,简装,649,14,已购公房,95162
88.28,,农光里,东 西,中楼层 (共6层),集中供暖,农光里板楼三层，钢混，东西通透三室一厅，采光好_北京朝阳劲松农光里二手房(北京链家),,101111875464,3室1厅1厨1卫,普通住宅,满五年,,"https://image1.ljcdn.com/110000-inspection/pc0_FmVhyEigs_1.jpg.1420x800.jpg,https://image1.ljcdn.com/110000-inspection/pc0_uWsNX0E76_1.jpg.1420x800.jpg,https://image1.ljcdn.com/x-se/hdic-frame/standard_93c6ef4d-9b00-4ea0-b211-2fe47a7fd652.png.1066x800.jpg,https://image1.ljcdn.com/110000-inspection/pc0_RCd5VIenp_1.jpg.1420x800.jpg,https://image1.ljcdn.com/110000-inspection/pc0_lOti0vion_1.jpg.1420x800.jpg,https://image1.ljcdn.com/110000-inspection/pc0_gzTfuImDA_1.jpg.1420x800.jpg,https://image1.ljcdn.com/110000-inspection/pc0_j5nDfWImr_1.jpg.1420x800.jpg,https://image1.ljcdn.com/110000-inspection/pc0_n5qEUCYUq_1.jpg.1420x800.jpg",无,2000-12-07,一梯两户,无抵押,非共有,2021-06-09,,简装,560,6,已购公房,63435
84.29,,旅游新村,南 北,高楼层 (共6层),集中供暖,万达商圈旅游新村南北向两居室北苑地铁_北京通州万达旅游新村二手房(北京链家),,101111981508,2室1厅1厨1卫,普通住宅,满五年,,"https://image1.ljcdn.com/110000-inspection/pc1_8mWlcpeXf_2.jpg.1420x800.jpg,https://image1.ljcdn.com/110000-inspection/pc0_xNUpny3ai_2.jpg.1420x800.jpg,https://image1.ljcdn.com/110000-inspection/pc0_eAG5CmGjc_2.jpg.1420x800.jpg,https://image1.ljcdn.com/x-se/hdic-frame/standard_01c1e9a6-a157-4fd5-b1a6-81854686a98d.png.1066x800.jpg,https://image1.ljcdn.com/110000-inspection/pc0_4561jdGJX_1.jpg.1420x800.jpg,https://image1.ljcdn.com/110000-inspection/pc0_awI48TOer_1.jpg.1420x800.jpg,https://image1.ljcdn.com/110000-inspection/pc0_Fg7Xv881u_1.jpg.1420x800.jpg",无,2016-02-16,一梯两户,有抵押100万元通州公积金担保中心客户偿还,非共有,2021-06-19,,精装,329,6,商品房,39032
60.8,,安贞西里,南 北,低楼层 (共6层),集中供暖,文化部通透两居室下楼公园8号线安华桥站看房方便_北京朝阳安贞安贞西里二手房(北京链家),,101111957331,2室1厅1厨1卫,普通住宅,满两年,,"https://image1.ljcdn.com/110000-inspection/apc_KSbv84tMl_1.jpg.1420x800.jpg,https://image1.ljcdn.com/110000-inspection/pc0_ucocnOyJb_1.jpg.1420x800.jpg,https://image1.ljcdn.com/x-se/hdic-frame/standard_50b3fca8-d77b-4e51-ad5c-a400809f1ad5.png.1066x800.jpg,https://image1.ljcdn.com/110000-inspection/apc_gt1KjXybi_1.jpg.1420x800.jpg,https://image1.ljcdn.com/110000-inspection/pc0_t48I1Rba0_1.jpg.1420x800.jpg,https://image1.ljcdn.com/110000-inspection/pc0_r8DyxRyus_1.jpg.1420x800.jpg",无,2016-09-13,一梯两户,有抵押210万元,非共有,2021-06-17,,精装,535,6,商品房,87994
124.7,,永安东里,南 北,中楼层 (共6层),集中供暖,四环内永安东里南北通透三居室，满五唯一，诚意出售_北京海淀定慧寺永安东里二手房(北京链家),,101111893059,3室2厅1厨1卫,普通住宅,满五年,,"https://image1.ljcdn.com/110000-inspection/pc1_KgTmxh5NB_1.jpg.1420x800.jpg,https://image1.ljcdn.com/110000-inspection/apc_puISgMk4y_1.jpg.1420x800.jpg,https://image1.ljcdn.com/110000-inspection/pc0_JRDAS4Qc8_1.jpg.1420x800.jpg,https://image1.ljcdn.com/x-se/hdic-frame/standard_076d5fb5-ad66-42ec-afc4-d46206b9e9f2.png.1066x800.jpg,https://image1.ljcdn.com/110000-inspection/pc0_yesdW0XO3_1.jpg.1420x800.jpg,https://image1.ljcdn.com/110000-inspection/pc0_W8hChVcNc_1.jpg.1420x800.jpg,https://image1.ljcdn.com/110000-inspection/apc_buDNqpJ58_1.jpg.1420x800.jpg,https://image1.ljcdn.com/110000-inspection/apc_COuvKTZ7g_1.jpg.1420x800.jpg,https://image1.ljcdn.com/110000-inspection/apc_Wdl6cONbu_1.jpg.1420x800.jpg,https://image1.ljcdn.com/110000-inspection/pc0_UWYiPz7xH_1.jpg.1420x800.jpg,https://image1.ljcdn.com/110000-inspection/pc0_zamRASPSv_1.jpg.1420x800.jpg",无,2011-09-15,一梯两户,无抵押,非共有,2021-06-11,,简装,1086,6,已购公房,87090
127.09,117.13,鸿顺园西区,东南 西北,中楼层 (共6层),集中供暖,此房满五唯一，集中供暖，明厨明卫，临近地铁。_北京房山良乡鸿顺园西区二手房(北京链家),,101111849725,3室1厅1厨2卫,普通住宅,满五年,,"https://image1.ljcdn.com/110000-inspection/pc1_h3zOxr9r9_1.jpg.1420x800.jpg,https://image1.ljcdn.com/110000-inspection/pc0_QJRBw0mvI_1.jpg.1420x800.jpg,https://image1.ljcdn.com/110000-inspection/pc0_VndtGVNxL_1.jpg.1420x800.jpg,https://image1.ljcdn.com/x-se/hdic-frame/standard_46fb865c-f939-4d18-aa22-ba3c4b9b5dbb.png.1066x800.jpg,https://image1.ljcdn.com/110000-inspection/pc0_ESuoyyvfx_1.jpg.1420x800.jpg,https://image1.ljcdn.com/110000-inspection/pc0_Yr7UHOm9k_1.jpg.1420x800.jpg,https://image1.ljcdn.com/110000-inspection/pc0_EgFxznsGI_1.jpg.1420x800.jpg,https://image1.ljcdn.com/110000-inspection/pc0_3yBH8G3Bh_1.jpg.1420x800.jpg,https://image1.ljcdn.com/110000-inspection/pc0_ltbFNAyre_1.jpg.1420x800.jpg",无,2009-06-22,一梯两户,无抵押,非共有,2021-06-07,,简装,339,6,商品房,26675
93.8,72.66,金隅观澜时代,东 西,中楼层 (共12层),集中供暖,金隅观澜时代东西向三居室看房方便_北京昌平东关金隅观澜时代二手房(北京链家),,101111845419,3室1厅1厨1卫,普通住宅,满两年,,"https://image1.ljcdn.com/110000-inspection/pc1_nEEWEVCOG_1.jpg.1420x800.jpg,https://image1.ljcdn.com/110000-inspection/pc0_NfW1eDyzA_1.jpg.1420x800.jpg,https://image1.ljcdn.com/110000-inspection/pc0_oY0cMIvAI_1.jpg.1420x800.jpg,https://image1.ljcdn.com/x-se/hdic-frame/standard_19782c00-b413-4d38-8dfc-1f9e66f4b806.png.1066x800.jpg,https://image1.ljcdn.com/110000-inspection/pc0_dZIetJorR_1.jpg.1420x800.jpg,https://image1.ljcdn.com/110000-inspection/pc0_hQnwkuLrM_1.jpg.1420x800.jpg,https://image1.ljcdn.com/110000-inspection/pc0_ZmudFuek5_1.jpg.1420x800.jpg,https://image1.ljcdn.com/110000-inspection/pc0_gob8Cq7YG_1.jpg.1420x800.jpg",有,2016-07-20,一梯两户,有抵押39万元中国民生银行业主自还,非共有,2021-06-06,,精装,418,12,商品房,44563
171.81,,海德堡花园,简装,底层 (共4层),,未来科学城联排别墅，南边没有楼遮挡满五唯一住房_北京昌平北七家海德堡花园二手房(北京链家),,101111869740,4室2厅1厨3卫,别墅,满五年,,"https://image1.ljcdn.com/110000-inspection/pc0_gtge7gOL4_1.jpg.1420x800.jpg,https://image1.ljcdn.com/110000-inspection/pc0_rCvS9dG3A_1.jpg.1420x800.jpg,https://image1.ljcdn.com/x-se/hdic-frame/standard_94b8f94a-238e-47f4-82ea-34f877f3b8df.png.1066x800.jpg,https://image1.ljcdn.com/110000-inspection/pc0_ALT4mZpBd_1.jpg.1420x800.jpg,https://image1.ljcdn.com/110000-inspection/apc_FvjYvBB9U_1.jpg.1420x800.jpg,https://image1.ljcdn.com/110000-inspection/apc_5QO2gtpmh_1.jpg.1420x800.jpg,https://image1.ljcdn.com/110000-inspection/pc0_f2NCbhLL6_1.jpg.1420x800.jpg,https://image1.ljcdn.com/110000-inspection/apc_t1CwMUc3T_1.jpg.1420x800.jpg,https://image1.ljcdn.com/110000-inspection/pc0_4AIvzTovn_1.jpg.1420x800.jpg,https://image1.ljcdn.com/110000-inspection/pc0_Mr2W9FDuT_1.jpg.1420x800.jpg,https://image1.ljcdn.com/110000-inspection/pc0_0tYvrTymy_1.jpg.1420x800.jpg,https://image1.ljcdn.com/110000-inspection/pc0_p81vvU085_1.jpg.1420x800.jpg,https://image1.ljcdn.com/110000-inspection/pc0_p47NR9zBG_1.jpg.1420x800.jpg,https://image1.ljcdn.com/110000-inspection/pc0_D6ipAyX2J_1.jpg.1420x800.jpg",,2007-10-26,,无抵押,非共有,2021-06-09,,集中供暖,668,4,商品房,38881
128.05,115.92,三合庄园,南 北,中楼层 (共4层),自供暖,三合庄园中间楼层三居室，全明格局_北京昌平回龙观三合庄园二手房(北京链家),,101111876985,3室2厅1厨2卫,普通住宅,满五年,,"https://image1.ljcdn.com/110000-inspection/pc1_wUTHxQF8P_1.jpg.1420x800.jpg,https://image1.ljcdn.com/110000-inspection/pc0_FpXwSNrav_1.jpg.1420x800.jpg,https://image1.ljcdn.com/110000-inspection/pc0_38jN2Q9vm_1.jpg.1420x800.jpg,https://image1.ljcdn.com/x-se/hdic-frame/standard_ad9e9394-b52d-4c43-a9cd-906e7822a5bd.png.1066x800.jpg,https://image1.ljcdn.com/110000-inspection/pc0_hhyy0Toj0_1.jpg.1420x800.jpg,https://image1.ljcdn.com/110000-inspection/pc0_fzHgQHfiR_1.jpg.1420x800.jpg,https://image1.ljcdn.com/110000-inspection/pc0_rMnp3AcpW_1.jpg.1420x800.jpg,https://image1.ljcdn.com/110000-inspection/pc0_UZLR7GLR2_1.jpg.1420x800.jpg,https://image1.ljcdn.com/110000-inspection/pc0_Pq6JQ4WeE_1.jpg.1420x800.jpg",无,2009-05-13,一梯两户,无抵押,非共有,2021-06-09,,简装,555,4,商品房,43343
150.74,127.31,华辉苑,东北,中楼层 (共23层),集中供暖,三环里大三居无遮挡户型好交通便利_北京朝阳潘家园华辉苑二手房(北京链家),,101111918007,3室2厅1厨2卫,普通住宅,满五年,,"https://image1.ljcdn.com/110000-inspection/pc0_o2pC7wx2U_1.jpg.1420x800.jpg,https://image1.ljcdn.com/110000-inspection/pc0_ZCZ8l8DfX_1.jpg.1420x800.jpg,https://image1.ljcdn.com/x-se/hdic-frame/standard_c91d4e6c-2cb4-49aa-a95f-eee58273afa6.png.1066x800.jpg,https://image1.ljcdn.com/110000-inspection/pc0_mizCFQBt6_1.jpg.1420x800.jpg,https://image1.ljcdn.com/110000-inspection/pc0_55zRYuBgF_1.jpg.1420x800.jpg,https://image1.ljcdn.com/110000-inspection/pc0_eVDwg9fCL_1.jpg.1420x800.jpg,https://image1.ljcdn.com/110000-inspection/pc0_2MzwEOud4_1.jpg.1420x800.jpg,https://image1.ljcdn.com/110000-inspection/pc0_aP3UeidpZ_1.jpg.1420x800.jpg,https://image1.ljcdn.com/110000-inspection/pc0_hVWqwpJOB_1.jpg.1420x800.jpg,https://image1.ljcdn.com/110000-inspection/pc0_Q8V5UbzgQ_1.jpg.1420x800.jpg,https://image1.ljcdn.com/110000-inspection/pc0_lBsSrRZzX_1.jpg.1420x800.jpg,https://image1.ljcdn.com/110000-inspection/pc0_837oc0Z3z_1.jpg.1420x800.jpg",有,2007-01-24,两梯八户,无抵押,非共有,2021-06-13,,简装,650,23,商品房,43121
59.14,,金隅滨和园6号院,南,低楼层 (共31层),集中供暖,金隅滨和园6号院金隅滨和园满五年唯一住房全南朝向_北京石景山石景山其它金隅滨和园6号院二手房(北京链家),,101111933348,1室1厅1厨1卫,普通住宅,满五年,,"https://image1.ljcdn.com/110000-inspection/pc1_RwJ6y6ZnF_1.jpg.1420x800.jpg,https://image1.ljcdn.com/110000-inspection/pc0_ReD7powYM_1.jpg.1420x800.jpg,https://image1.ljcdn.com/110000-inspection/pc0_wjiNQJYNU_1.jpg.1420x800.jpg,https://image1.ljcdn.com/x-se/hdic-frame/standard_cf7e4e7b-0888-4805-8e52-586d955bc61b.png.1066x800.jpg,https://image1.ljcdn.com/110000-inspection/pc0_DkwBUyYhL_1.jpg.1420x800.jpg,https://image1.ljcdn.com/110000-inspection/pc0_hAfU0gzBV_1.jpg.1420x800.jpg",有,2016-06-12,两梯五户,无抵押,非共有,2021-06-14,,精装,225,31,限价商品房,38046
74.64,62.16,富东嘉园,东北,低楼层 (共9层),自供暖,富东嘉园大一居，商品房，精装修可拎包入住，业主诚售_北京朝阳东坝富东嘉园二手房(北京链家),,101111933098,1室2厅1厨1卫,普通住宅,满两年,,"https://image1.ljcdn.com/110000-inspection/d891dc7a-7b96-4879-9cdd-2d7603d859ac_1000.jpg.1420x800.jpg,https://image1.ljcdn.com/110000-inspection/d4cd30a1-39f4-4b1e-9744-ff14dc0d8f9a_1000.jpg.1420x800.jpg,https://image1.ljcdn.com/x-se/hdic-frame/standard_f09456e2-a827-4b0b-80d1-c538ae3bb715.png.1066x800.jpg,https://image1.ljcdn.com/110000-inspection/413f6ee5-03dc-4058-96d0-ddc8c5f0f6ca_1000.jpg.1420x800.jpg,https://image1.ljcdn.com/110000-inspection/5a27ccd4-6f5b-4b7f-9ff6-f87de4b9de68_1000.jpg.1420x800.jpg,https://image1.ljcdn.com/110000-inspection/pc0_7J2tj0BIE_1.jpg.1420x800.jpg",有,2016-09-08,两梯十户,无抵押,共有,2021-06-14,,精装,355,9,商品房,47562
64.72,52.03,万象新天天际高尔夫,南,低楼层 (共15层),集中供暖,万象新天天际高尔夫1室1厅南_北京朝阳常营万象新天天际高尔夫二手房(北京链家),,101111851873,1室1厅1厨1卫,普通住宅,满五年,,"https://image1.ljcdn.com/110000-inspection/pc1_hqZFwbF4d_1.jpg.1420x800.jpg,https://image1.ljcdn.com/110000-inspection/pc0_UChCMsyo7_1.jpg.1420x800.jpg,https://image1.ljcdn.com/110000-inspection/pc0_AmWxyOeoK_1.jpg.1420x800.jpg,https://image1.ljcdn.com/x-se/hdic-frame/standard_e14bec8f-7209-4d6e-9268-a42608369612.png.1066x800.jpg,https://image1.ljcdn.com/110000-inspection/pc0_JggcLnvLU_1.jpg.1420x800.jpg,https://image1.ljcdn.com/110000-inspection/pc0_Ix9q8LgJ3_1.jpg.1420x800.jpg,https://image1.ljcdn.com/110000-inspection/pc0_5VFpqcWUp_1.jpg.1420x800.jpg,https://image1.ljcdn.com/110000-inspection/pc0_CPeGAD3Zk_1.jpg.1420x800.jpg",有,2013-05-03,两梯三户,有抵押200万元客户偿还,非共有,2021-06-07,,其他,435,15,商品房,67213
107.02,,东花市北里中区,南 北,高楼层 (共6层),集中供暖,满五年唯一正规三居室双卧朝南餐客分离_北京东城东花市东花市北里中区二手房(北京链家),,101111871949,3室1厅1厨1卫,普通住宅,满五年,,"https://image1.ljcdn.com/110000-inspection/1b00692d-d5b6-4194-8413-3bc0aaccb08f_1000.jpg.1420x800.jpg,https://image1.ljcdn.com/110000-inspection/b2b70f23-5f68-43fa-ac3b-b4d3c60c7675_1000.jpg.1420x800.jpg,https://image1.ljcdn.com/110000-inspection/pc0_fbBWgtK8m_1.jpg.1420x800.jpg,https://image1.ljcdn.com/x-se/hdic-frame/standard_9c33cfb7-7c6b-4abd-acf5-4e2db9fa040c.png.1066x800.jpg,https://image1.ljcdn.com/110000-inspection/pc0_V2RlruYh4_1.jpg.1420x800.jpg,https://image1.ljcdn.com/110000-inspection/pc0_ENwQBwbZx_1.jpg.1420x800.jpg,https://image1.ljcdn.com/110000-inspection/ee0fd1d4-4e8f-4749-b2c7-9c0659c7613a_1000.jpg.1420x800.jpg,https://image1.ljcdn.com/110000-inspection/1c7f99b0-c98e-43b7-954b-e00db703ac97_1000.jpg.1420x800.jpg,https://image1.ljcdn.com/110000-inspection/e641de5d-a1ab-4246-8b76-bafa481773a0_1000.jpg.1420x800.jpg,https://image1.ljcdn.com/110000-inspection/pc0_OG4vN6mss_1.jpg.1420x800.jpg,https://image1.ljcdn.com/110000-inspection/pc0_ily9kFHpQ_1.jpg.1420x800.jpg,https://image1.ljcdn.com/110000-inspection/pc0_CMmpqpc2P_1.jpg.1420x800.jpg",无,2011-02-12,一梯两户,无抵押,非共有,2021-06-09,,精装,1100,6,商品房,102785
115.05,,绿岛苑西区,南 北,中楼层 (共24层),集中供暖,绿岛苑三居主卧室客厅都是南北通透_北京朝阳定福庄绿岛苑西区二手房(北京链家),,101111975603,3室2厅1厨1卫,普通住宅,满五年,,"https://image1.ljcdn.com/110000-inspection/pc0_MJcoN0yQr_1.jpg.1420x800.jpg,https://image1.ljcdn.com/110000-inspection/pc0_ecAYJjWTR_1.jpg.1420x800.jpg,https://image1.ljcdn.com/x-se/hdic-frame/standard_d0f2266b-451c-4a06-9ccc-3590915d0b7d.png.1066x800.jpg,https://image1.ljcdn.com/110000-inspection/pc0_NjKFCdzkj_1.jpg.1420x800.jpg,https://image1.ljcdn.com/110000-inspection/pc0_QCv2BoUVX_1.jpg.1420x800.jpg,https://image1.ljcdn.com/110000-inspection/pc0_wnL5VHwEV_1.jpg.1420x800.jpg,https://image1.ljcdn.com/110000-inspection/pc0_wai77OtJp_1.jpg.1420x800.jpg,https://image1.ljcdn.com/110000-inspection/pc0_mBEMMtIKP_1.jpg.1420x800.jpg,https://image1.ljcdn.com/110000-inspection/pc0_3pqAd0dzX_1.jpg.1420x800.jpg",有,2003-08-28,两梯十户,无抵押,非共有,2021-06-18,,简装,460,24,商品房,39983
137.57,,望京西园三区,南 北,低楼层 (共28层),自供暖,边户中间层满五年唯一商品房，户型好，采光视野无遮挡_北京朝阳望京望京西园三区二手房(北京链家),,101111872486,3室1厅1厨2卫,普通住宅,满五年,,"https://image1.ljcdn.com/110000-inspection/pc0_Xv9cZ8G0G_1.jpg.1420x800.jpg,https://image1.ljcdn.com/110000-inspection/pc0_hCdKEKvqD_1.jpg.1420x800.jpg,https://image1.ljcdn.com/x-se/hdic-frame/standard_65929c52-a0e8-4f09-8b9f-dddd00450870.png.1066x800.jpg,https://image1.ljcdn.com/110000-inspection/pc0_lYXJZ4pmz_1.jpg.1420x800.jpg,https://image1.ljcdn.com/110000-inspection/pc0_7otBaJ2cs_1.jpg.1420x800.jpg,https://image1.ljcdn.com/110000-inspection/pc0_OKEwveMOc_1.jpg.1420x800.jpg,https://image1.ljcdn.com/110000-inspection/pc0_X21M9P0ep_1.jpg.1420x800.jpg,https://image1.ljcdn.com/110000-inspection/pc0_F70JeMBqA_1.jpg.1420x800.jpg,https://image1.ljcdn.com/110000-inspection/pc0_YpeVp5ecQ_1.jpg.1420x800.jpg,https://image1.ljcdn.com/110000-inspection/pc0_ULs8iRozE_1.jpg.1420x800.jpg,https://image1.ljcdn.com/110000-inspection/pc0_SYVTwayzP_1.jpg.1420x800.jpg",有,2011-03-30,三梯八户,无抵押,非共有,2021-06-09,,精装,960,28,商品房,69783
260.73,217.14,阳光上东,南 西 北,低楼层 (共9层),集中供暖,林景田园，见静密清居，清茶淡雅，观八方天地_北京朝阳酒仙桥阳光上东二手房(北京链家),,101111867521,4室2厅1厨3卫,普通住宅,满两年,,"https://image1.ljcdn.com/110000-inspection/pc0_JJFUVZ4gw_1.jpg.1420x800.jpg,https://image1.ljcdn.com/110000-inspection/pc0_LFNpsnG6c_1.jpg.1420x800.jpg,https://image1.ljcdn.com/x-se/hdic-frame/standard_bb7edb1f-a1f0-443c-9a7b-7967e0c9a690.png.1066x800.jpg,https://image1.ljcdn.com/110000-inspection/pc0_ulTyrWjjJ_1.jpg.1420x800.jpg,https://image1.ljcdn.com/110000-inspection/pc0_0XQj4D6pO_1.jpg.1420x800.jpg,https://image1.ljcdn.com/110000-inspection/pc0_l9wJnOg8p_1.jpg.1420x800.jpg,https://image1.ljcdn.com/110000-inspection/pc0_iQS09i8qL_1.jpg.1420x800.jpg,https://image1.ljcdn.com/110000-inspection/pc0_OtZRJDdS6_1.jpg.1420x800.jpg,https://image1.ljcdn.com/110000-inspection/pc0_ekfKnOj4E_1.jpg.1420x800.jpg,https://image1.ljcdn.com/110000-inspection/pc0_ZeQqkf7tK_1.jpg.1420x800.jpg,https://image1.ljcdn.com/110000-inspection/pc0_8xbSSqDq6_1.jpg.1420x800.jpg",有,2017-01-07,一梯两户,无抵押,非共有,2021-06-09,,精装,2600,9,商品房,99721
67.56,52.76,金隅丽景园,东南,高楼层 (共28层),集中供暖,金隅丽景园正规两居室楼层采光好_北京朝阳常营金隅丽景园二手房(北京链家),,101111883833,2室1厅1厨1卫,普通住宅,满两年,,"https://image1.ljcdn.com/110000-inspection/pc1_3dXm97t80_1.jpg.1420x800.jpg,https://image1.ljcdn.com/110000-inspection/pc0_d9icDjn3E_1.jpg.1420x800.jpg,https://image1.ljcdn.com/110000-inspection/pc0_FBYQMFA9j_1.jpg.1420x800.jpg,https://image1.ljcdn.com/x-se/hdic-frame/standard_ea4f559f-8319-44e5-b035-5eb200352949.png.1066x800.jpg,https://image1.ljcdn.com/110000-inspection/pc0_0WHAHNxPs_1.jpg.1420x800.jpg,https://image1.ljcdn.com/110000-inspection/pc0_EDpuk4Jmi_1.jpg.1420x800.jpg,https://image1.ljcdn.com/110000-inspection/pc0_gDxGOAxTr_1.jpg.1420x800.jpg,https://image1.ljcdn.com/110000-inspection/pc0_hlm9lTbui_1.jpg.1420x800.jpg,https://image1.ljcdn.com/110000-inspection/pc0_4Tw8yrWq7_1.jpg.1420x800.jpg",有,2016-06-24,两梯七户,无抵押,非共有,2021-06-10,,简装,400,28,商品房,59207
55.83,,三家店新建路,南,顶层 (共6层),集中供暖,三家店新建路两居室户型方正业主诚心出售_北京门头沟城子三家店新建路二手房(北京链家),,101111930196,2室1厅1厨1卫,普通住宅,满五年,,"https://image1.ljcdn.com/110000-inspection/pc0_607cxujug_1.jpg.1420x800.jpg,https://image1.ljcdn.com/110000-inspection/pc0_SeWWtxpm7_1.jpg.1420x800.jpg,https://image1.ljcdn.com/x-se/hdic-frame/standard_e982c541-35a3-4ab0-a984-b0a813359f21.png.1066x800.jpg,https://image1.ljcdn.com/110000-inspection/pc0_zk3IYVGWi_1.jpg.1420x800.jpg,https://image1.ljcdn.com/110000-inspection/pc0_IziGL6C1M_1.jpg.1420x800.jpg,https://image1.ljcdn.com/110000-inspection/pc0_deIeJ12wC_1.jpg.1420x800.jpg,https://image1.ljcdn.com/110000-inspection/pc0_kIEqkzMqN_1.jpg.1420x800.jpg",无,1997-11-24,一梯三户,无抵押,非共有,2021-06-14,,简装,142,6,已购公房,25435
121.56,95.69,新景家园东区,东南,中楼层 (共15层),集中供暖,两梯四户人车分流2009年开盘客厅双卧朝南双卫_北京东城崇文门新景家园东区二手房(北京链家),,101111903660,2室1厅1厨2卫,普通住宅,满五年,,"https://image1.ljcdn.com/110000-inspection/pc0_PKBKUVU3I_1.jpg.1420x800.jpg,https://image1.ljcdn.com/110000-inspection/d7e0b4c4-e5e8-4da7-8ae5-9272561de60c_1000.jpg.1420x800.jpg,https://image1.ljcdn.com/x-se/hdic-frame/standard_92a023b6-f944-49f4-aaf6-a2b5a94bb772.png.1066x800.jpg,https://image1.ljcdn.com/110000-inspection/5b9ca2f4-8c6d-4913-b522-fb405d5752eb_1000.jpg.1420x800.jpg,https://image1.ljcdn.com/110000-inspection/53293226-24b2-48ac-bda2-42a54fc44879_1000.jpg.1420x800.jpg,https://image1.ljcdn.com/110000-inspection/pc0_5DD4cOug8_1.jpg.1420x800.jpg,https://image1.ljcdn.com/110000-inspection/53fe93b0-9ee4-465e-b5b0-49d02594ec61_1000.jpg.1420x800.jpg,https://image1.ljcdn.com/110000-inspection/pc0_ZIj9fW5tR_1.jpg.1420x800.jpg,https://image1.ljcdn.com/110000-inspection/d77e230d-4474-4a87-9150-05941777b1a1_1000.jpg.1420x800.jpg,https://image1.ljcdn.com/110000-inspection/0b89f159-e433-45d9-81ed-cfc98430f09b_1000.jpg.1420x800.jpg,https://image1.ljcdn.com/110000-inspection/pc0_hBjoc6m6M_1.jpg.1420x800.jpg",有,2012-12-21,两梯六户,无抵押,非共有,2021-06-11,,简装,1420,15,商品房,116815
138.14,,大河庄苑,东南 北,低楼层 (共16层),集中供暖,大河庄苑3室1厅东南北_北京海淀苏州桥大河庄苑二手房(北京链家),,101111989320,3室1厅1厨1卫,普通住宅,满五年,,"https://image1.ljcdn.com/110000-inspection/pc0_2cPThLP8o_1.jpg.1420x800.jpg,https://image1.ljcdn.com/110000-inspection/pc0_9lmPLTeWC_1.jpg.1420x800.jpg,https://image1.ljcdn.com/x-se/hdic-frame/standard_c036622a-49ff-40c1-a69a-5e159d2b1c8b.png.1066x800.jpg,https://image1.ljcdn.com/110000-inspection/pc0_K6CGueCKb_1.jpg.1420x800.jpg,https://image1.ljcdn.com/110000-inspection/pc0_ifTgCgQHc_1.jpg.1420x800.jpg,https://image1.ljcdn.com/110000-inspection/pc0_5RW7yY0pe_1.jpg.1420x800.jpg,https://image1.ljcdn.com/110000-inspection/pc0_x6oboc77x_1.jpg.1420x800.jpg,https://image1.ljcdn.com/110000-inspection/pc0_rJGOZAqbL_1.jpg.1420x800.jpg",有,2006-08-29,两梯八户,无抵押,非共有,2021-06-19,,精装,1600,16,商品房,115825
101.31,82.99,星河城西区,东,中楼层 (共20层),集中供暖,4号线公益西桥星河苑朝东精装两居中间层满五唯一_北京丰台马家堡星河城西区二手房(北京链家),,101111946975,2室1厅1厨1卫,普通住宅,满五年,,"https://image1.ljcdn.com/110000-inspection/pc0_hriMq9GAR_1.jpg.1420x800.jpg,https://image1.ljcdn.com/110000-inspection/pc0_YXfsB4KuM_1.jpg.1420x800.jpg,https://image1.ljcdn.com/x-se/hdic-frame/standard_6b8132bd-85e4-4c1a-8b4b-ffdfaeb4550c.png.1066x800.jpg,https://image1.ljcdn.com/110000-inspection/apc_hfVjqEh3K_1.jpg.1420x800.jpg,https://image1.ljcdn.com/110000-inspection/pc0_qvY9mc8H9_1.jpg.1420x800.jpg,https://image1.ljcdn.com/110000-inspection/pc0_stKUGUI8J_1.jpg.1420x800.jpg",有,2007-11-02,两梯六户,无抵押,非共有,2021-06-16,,精装,798,20,商品房,78769
85.46,,松榆西里,南 北,高楼层 (共6层),集中供暖,松榆西里精装修南北通透大两居满五年一套_北京朝阳潘家园松榆西里二手房(北京链家),,101111979726,2室1厅1厨1卫,普通住宅,满五年,,"https://image1.ljcdn.com/110000-inspection/pc0_xGJN2yRWF_1.jpg.1420x800.jpg,https://image1.ljcdn.com/110000-inspection/pc0_1XBDpnivf_1.jpg.1420x800.jpg,https://image1.ljcdn.com/x-se/hdic-frame/standard_721af542-4721-4a32-aafc-09470d068a0f.png.1066x800.jpg,https://image1.ljcdn.com/110000-inspection/pc0_KKTp4InAV_1.jpg.1420x800.jpg,https://image1.ljcdn.com/110000-inspection/pc0_7t6aS8chM_1.jpg.1420x800.jpg,https://image1.ljcdn.com/110000-inspection/pc0_BBtxqautq_1.jpg.1420x800.jpg,https://image1.ljcdn.com/110000-inspection/pc0_4ikVx9ke9_1.jpg.1420x800.jpg",无,2015-08-24,一梯两户,无抵押,非共有,2021-06-19,,精装,574,6,商品房,67166
80.22,,蓝桥驿苑,南 北,高楼层 (共15层),自供暖,蓝桥驿苑好楼层视野佳公园旁诚心出售看房方便_北京大兴南中轴机场商务区蓝桥驿苑二手房(北京链家),,101111920174,2室1厅1厨1卫,普通住宅,满五年,,"https://image1.ljcdn.com/110000-inspection/pc1_d9h6qfSZ2_1.jpg.1420x800.jpg,https://image1.ljcdn.com/110000-inspection/apc_UTipcImjd_1.jpg.1420x800.jpg,https://image1.ljcdn.com/110000-inspection/pc0_YmBivaWFf_1.jpg.1420x800.jpg,https://image1.ljcdn.com/x-se/hdic-frame/standard_4d13b93d-4452-40cf-9ebd-1c6f5b8afe36.png.1066x800.jpg,https://image1.ljcdn.com/110000-inspection/pc0_Bgk0xTGJO_1.jpg.1420x800.jpg,https://image1.ljcdn.com/110000-inspection/837a2cc0-f19f-42f3-84e2-50075090653b_1000.jpg.1420x800.jpg,https://image1.ljcdn.com/110000-inspection/pc0_rBJgj3iry.jpg.1420x800.jpg",有,2016-04-22,一梯两户,无抵押,非共有,2021-06-13,,简装,229,15,商品房,28547
114.93,,云龙家园,南 北,中楼层 (共6层),集中供暖,云龙家园中间楼层南北通透三居室_北京大兴旧宫云龙家园二手房(北京链家),,101111926852,3室1厅1厨2卫,普通住宅,满五年,,"https://image1.ljcdn.com/110000-inspection/pc1_i1rrA8H73_1.jpg.1420x800.jpg,https://image1.ljcdn.com/110000-inspection/pc0_piKpjP5Mm_1.jpg.1420x800.jpg,https://image1.ljcdn.com/110000-inspection/apc_koe66Z1r0_1.jpg.1420x800.jpg,https://image1.ljcdn.com/x-se/hdic-frame/standard_6bb53f40-599b-49e5-8001-1c59b57f445e.png.1066x800.jpg,https://image1.ljcdn.com/110000-inspection/apc_s2RCY2tlg_1.jpg.1420x800.jpg,https://image1.ljcdn.com/110000-inspection/apc_Vz3HQwju2_1.jpg.1420x800.jpg,https://image1.ljcdn.com/110000-inspection/pc0_UgLZYjNEp_1.jpg.1420x800.jpg,https://image1.ljcdn.com/110000-inspection/pc0_LGSTs31yg_1.jpg.1420x800.jpg",无,2004-09-15,一梯两户,无抵押,非共有,2021-06-14,,简装,500,6,商品房,43505
46.83,,安外大街,东 西,高楼层 (共16层),集中供暖,和平里东城一居室满五唯一94年带电梯_北京东城安贞安外大街二手房(北京链家),,101111931972,1室1厅1厨1卫,普通住宅,满五年,,"https://image1.ljcdn.com/110000-inspection/pc0_3j9c78e8V_1.jpg.1420x800.jpg,https://image1.ljcdn.com/110000-inspection/pc0_4dpa1ZMOX_1.jpg.1420x800.jpg,https://image1.ljcdn.com/x-se/hdic-frame/standard_defee9e0-3842-40be-94cf-7f7327485e25.png.1066x800.jpg,https://image1.ljcdn.com/110000-inspection/pc0_7aJ4smEm5_1.jpg.1420x800.jpg,https://image1.ljcdn.com/110000-inspection/pc0_rCT8ksMJX_1.jpg.1420x800.jpg",有,2010-12-29,两梯十六户,无抵押,非共有,2021-06-14,,简装,568,16,已购公房,121290
76.54,,丰开苑,西南,中楼层 (共18层),集中供暖,嘉园一里丰开苑，南三环，正规三居室_北京丰台马家堡丰开苑二手房(北京链家),,101111963039,3室1厅1厨1卫,普通住宅,满两年,,"https://image1.ljcdn.com/110000-inspection/pc0_25SetfMiz_1.jpg.1420x800.jpg,https://image1.ljcdn.com/110000-inspection/apc_Rjc5BRbUb_1.jpg.1420x800.jpg,https://image1.ljcdn.com/x-se/hdic-frame/standard_047f7a7b-9882-4696-b8dd-01c7a28e29a3.png.1066x800.jpg,https://image1.ljcdn.com/110000-inspection/apc_oLpTUcDO5_1.jpg.1420x800.jpg,https://image1.ljcdn.com/110000-inspection/pc0_fcPFjEeOY_1.jpg.1420x800.jpg,https://image1.ljcdn.com/110000-inspection/pc0_SnvWQjH3M_1.jpg.1420x800.jpg,https://image1.ljcdn.com/110000-inspection/pc0_RkFIOJHm7_1.jpg.1420x800.jpg",有,2019-06-18,两梯八户,无抵押,非共有,2021-06-17,,简装,560,18,已购公房,73165
80.63,66.44,新街坊,西北,高楼层 (共19层),集中供暖,朝阳北苑佳兴园国企物业人车分流两室两厅两梯四户_北京朝阳北苑新街坊二手房(北京链家),,101111926395,2室2厅1厨1卫,普通住宅,满五年,,"https://image1.ljcdn.com/110000-inspection/pc1_1NfadrRTH_1.jpg.1420x800.jpg,https://image1.ljcdn.com/110000-inspection/pc0_2hWzhsnQo_1.jpg.1420x800.jpg,https://image1.ljcdn.com/110000-inspection/pc0_qhQdqrCcd_1.jpg.1420x800.jpg,https://image1.ljcdn.com/x-se/hdic-frame/standard_5a74b352-da62-462f-bc56-c53401703601.png.1066x800.jpg,https://image1.ljcdn.com/110000-inspection/pc0_AjdN2afgb_1.jpg.1420x800.jpg,https://image1.ljcdn.com/110000-inspection/pc0_FSl3T98y8_1.jpg.1420x800.jpg,https://image1.ljcdn.com/110000-inspection/pc0_6RLJVHxoL_1.jpg.1420x800.jpg,https://image1.ljcdn.com/110000-inspection/pc0_zexixU9bL_1.jpg.1420x800.jpg",有,2007-01-13,两梯四户,无抵押,非共有,2021-06-14,,简装,520,19,商品房,64493
111.24,,定慧东里,东南,中楼层 (共16层),集中供暖,定慧东里3室1厅东南_北京海淀定慧寺定慧东里二手房(北京链家),,101111962583,3室1厅1厨2卫,普通住宅,满五年,,"https://image1.ljcdn.com/110000-inspection/apc_kbZ54H0qW_1.jpg.1420x800.jpg,https://image1.ljcdn.com/110000-inspection/pc0_qJ2W6M8rR_1.jpg.1420x800.jpg,https://image1.ljcdn.com/x-se/hdic-frame/standard_5d816c83-235c-4bb6-8f2f-1ba32fb409ea.png.1066x800.jpg,https://image1.ljcdn.com/110000-inspection/pc0_PLM5Geh9d_1.jpg.1420x800.jpg,https://image1.ljcdn.com/110000-inspection/pc0_u2O3PMnuq_1.jpg.1420x800.jpg,https://image1.ljcdn.com/110000-inspection/pc0_FIUuQo5Ex_1.jpg.1420x800.jpg,https://image1.ljcdn.com/110000-inspection/pc0_nlSWZlVi0_1.jpg.1420x800.jpg,https://image1.ljcdn.com/110000-inspection/pc0_NiSkMlajS_1.jpg.1420x800.jpg",有,2005-02-22,两梯四户,无抵押,非共有,2021-06-17,,精装,985,16,已购公房,88548
76.12,,农光东里,东南 西南 西北,中楼层 (共18层),集中供暖,农光东里全明格局户型通透带电梯_北京朝阳劲松农光东里二手房(北京链家),,101111943126,2室2厅1厨1卫,普通住宅,满五年,,"https://image1.ljcdn.com/110000-inspection/pc0_ITzV1Dwpq_1.jpg.1420x800.jpg,https://image1.ljcdn.com/110000-inspection/pc0_2JKgViSFk_1.jpg.1420x800.jpg,https://image1.ljcdn.com/x-se/hdic-frame/standard_6ea94b48-048d-489c-8acd-6bf71e98897e.png.1066x800.jpg,https://image1.ljcdn.com/110000-inspection/pc0_KY670dMi5_1.jpg.1420x800.jpg,https://image1.ljcdn.com/110000-inspection/pc0_qOw3xvjyo_1.jpg.1420x800.jpg,https://image1.ljcdn.com/110000-inspection/pc0_wM8AkRu6n_1.jpg.1420x800.jpg,https://image1.ljcdn.com/110000-inspection/pc0_mnhh3bIBA_1.jpg.1420x800.jpg,https://image1.ljcdn.com/110000-inspection/pc0_cUhEVIbwU_1.jpg.1420x800.jpg",有,2013-09-12,两梯八户,有抵押70万元业主自还,非共有,2021-06-15,,精装,494,18,商品房,64898
58.92,41.66,松榆东里,南,中楼层 (共6层),集中供暖,"松榆东里,户型合理，交通便利，配套齐全，诚意卖房。_北京朝阳北工大松榆东里二手房(北京链家)",,101111980425,2室1厅1厨1卫,普通住宅,满五年,,"https://image1.ljcdn.com/110000-inspection/pc0_Uz2CnJYTq_1.jpg.1420x800.jpg,https://image1.ljcdn.com/110000-inspection/pc0_IAM0opAZg_1.jpg.1420x800.jpg,https://image1.ljcdn.com/x-se/hdic-frame/standard_41e791b3-d0ab-4528-8753-6858f4b7a3f3.png.1066x800.jpg,https://image1.ljcdn.com/110000-inspection/pc0_O2X0I7PEs_1.jpg.1420x800.jpg,https://image1.ljcdn.com/110000-inspection/pc0_PS07Q2w6C_1.jpg.1420x800.jpg,https://image1.ljcdn.com/110000-inspection/pc0_Mi1YMilrq_1.jpg.1420x800.jpg,https://image1.ljcdn.com/110000-inspection/pc0_PW27BHqAh_1.jpg.1420x800.jpg",无,2010-09-08,一梯三户,无抵押,非共有,2021-06-19,,精装,405,6,商品房,68738
63.24,,劲松南路,西南,中楼层 (共18层),集中供暖,劲松南路电梯直达，物业管理好，交通便利。_北京朝阳劲松劲松南路二手房(北京链家),,101111968885,2室1厅1厨1卫,普通住宅,满五年,,"https://image1.ljcdn.com/110000-inspection/pc0_hPzi7lMUv_1.jpg.1420x800.jpg,https://image1.ljcdn.com/110000-inspection/pc0_T7FxeDw32_1.jpg.1420x800.jpg,https://image1.ljcdn.com/x-se/hdic-frame/standard_b3e4c3d7-9536-4022-a382-5fcb3a2ff1f5.png.1066x800.jpg,https://image1.ljcdn.com/110000-inspection/pc0_GTrgI2NRg_1.jpg.1420x800.jpg,https://image1.ljcdn.com/110000-inspection/pc0_a0aykJCB1_1.jpg.1420x800.jpg,https://image1.ljcdn.com/110000-inspection/pc0_kmbrlY9co_1.jpg.1420x800.jpg,https://image1.ljcdn.com/110000-inspection/pc0_xHbzy1A6x_1.jpg.1420x800.jpg,https://image1.ljcdn.com/110000-inspection/pc0_Jg05wxXP2_1.jpg.1420x800.jpg",有,2000-01-16,两梯十户,无抵押,非共有,2021-06-18,,简装,372,18,已购公房,58824
123.33,102.72,炫特嘉园二期,南 北,中楼层 (共9层),集中供暖,炫特嘉园南北通透三居室落地窗中间楼层_北京朝阳石佛营炫特嘉园二期二手房(北京链家),,101111929599,3室2厅1厨2卫,普通住宅,满五年,,"https://image1.ljcdn.com/110000-inspection/pc0_THJs7Mc3e_1.jpg.1420x800.jpg,https://image1.ljcdn.com/110000-inspection/pc0_Og7YMkbJO_1.jpg.1420x800.jpg,https://image1.ljcdn.com/x-se/hdic-frame/standard_b20f2c21-7905-4583-90e0-f7bac5604503.png.1066x800.jpg,https://image1.ljcdn.com/110000-inspection/pc0_sxZEDM21a_1.jpg.1420x800.jpg,https://image1.ljcdn.com/110000-inspection/pc0_5QZWSLoC7_1.jpg.1420x800.jpg,https://image1.ljcdn.com/110000-inspection/pc0_4JU9GN9yt_1.jpg.1420x800.jpg,https://image1.ljcdn.com/110000-inspection/pc0_SDpNzr874_1.jpg.1420x800.jpg,https://image1.ljcdn.com/110000-inspection/pc0_3FI9ApGSf_1.jpg.1420x800.jpg",有,2006-08-09,一梯两户,无抵押,非共有,2021-06-14,,精装,860,9,商品房,69732
121.76,101.2,原香小镇一区,南 北,高楼层 (共10层),自供暖,业主自住精装修高楼层采光视野好21年12月8日满五年_北京房山长阳原香小镇一区二手房(北京链家),,101111947788,3室2厅1厨2卫,普通住宅,满两年,,"https://image1.ljcdn.com/110000-inspection/pc1_1APKItJOb_1.jpg.1420x800.jpg,https://image1.ljcdn.com/110000-inspection/pc0_ForHefwmm_1.jpg.1420x800.jpg,https://image1.ljcdn.com/110000-inspection/pc0_fDbKyitt2_1.jpg.1420x800.jpg,https://image1.ljcdn.com/x-se/hdic-frame/standard_ee90cd28-a728-4f72-baf6-6ea96156fff1.png.1066x800.jpg,https://image1.ljcdn.com/110000-inspection/pc0_CC5asu8Qw_1.jpg.1420x800.jpg,https://image1.ljcdn.com/110000-inspection/pc0_gKhjC1Z2U_1.jpg.1420x800.jpg,https://image1.ljcdn.com/110000-inspection/pc0_uBAYkaFAM_1.jpg.1420x800.jpg,https://image1.ljcdn.com/110000-inspection/pc0_dyrvWNtRi_1.jpg.1420x800.jpg,https://image1.ljcdn.com/110000-inspection/pc0_0jb6pQilX_1.jpg.1420x800.jpg,https://image1.ljcdn.com/110000-inspection/pc0_yFzXfIQbC_1.jpg.1420x800.jpg",有,2016-12-08,一梯两户,无抵押,非共有,2021-06-16,,精装,449,10,商品房,36876
74.81,,安宁里,西南,中楼层 (共6层),集中供暖,安宁里3室1厅西南_北京海淀安宁庄安宁里二手房(北京链家),,101111992656,3室1厅1厨1卫,普通住宅,满五年,,"https://image1.ljcdn.com/110000-inspection/apc_HSMP9kQrC_1.jpg.1420x800.jpg,https://image1.ljcdn.com/110000-inspection/pc0_ziNGlF9JE_1.jpg.1420x800.jpg,https://image1.ljcdn.com/x-se/hdic-frame/standard_23208cb7-4377-4f00-a4ec-833b01de7462.png.1066x800.jpg,https://image1.ljcdn.com/110000-inspection/apc_7LJnzWybT_1.jpg.1420x800.jpg,https://image1.ljcdn.com/110000-inspection/pc0_0ReqO4RhP_1.jpg.1420x800.jpg,https://image1.ljcdn.com/110000-inspection/pc0_L2Ys92jxp_1.jpg.1420x800.jpg,https://image1.ljcdn.com/110000-inspection/pc0_P5T6N79oK_1.jpg.1420x800.jpg",无,2010-03-25,一梯两户,无抵押,非共有,2021-06-20,,简装,566,6,商品房,75659
139.5,121.89,丽都东镇,南 北,中楼层 (共9层),集中供暖,丽都东镇九层低密洋房139.5平三居精装修拎包入住_北京朝阳酒仙桥丽都东镇二手房(北京链家),,101111962408,3室1厅1厨2卫,普通住宅,满五年,,"https://image1.ljcdn.com/110000-inspection/pc0_Pp6PSjJOV_1.jpg.1420x800.jpg,https://image1.ljcdn.com/110000-inspection/pc0_f7g934fAz_1.jpg.1420x800.jpg,https://image1.ljcdn.com/x-se/hdic-frame/standard_00d3a4c9-b60a-4d89-85d9-c6a3fa4cadd5.png.1066x800.jpg,https://image1.ljcdn.com/110000-inspection/pc0_bJjr4yu2c_1.jpg.1420x800.jpg,https://image1.ljcdn.com/110000-inspection/pc0_IVPRTLke0_1.jpg.1420x800.jpg,https://image1.ljcdn.com/110000-inspection/pc0_Ed6JbZ7Qg_1.jpg.1420x800.jpg,https://image1.ljcdn.com/110000-inspection/pc0_bmYhTtJij_1.jpg.1420x800.jpg,https://image1.ljcdn.com/110000-inspection/pc0_ARer1D0PO_1.jpg.1420x800.jpg",有,2009-12-27,一梯两户,无抵押,非共有,2021-06-17,,精装,1120,9,商品房,80287
129.17,,远洋山水,南 北,中楼层 (共26层),集中供暖,远洋山水3室2厅南北_北京石景山鲁谷远洋山水二手房(北京链家),,101111985298,3室2厅1厨2卫,普通住宅,满两年,,"https://image1.ljcdn.com/110000-inspection/87c18e2b-1a95-4b14-9ff1-faac05774d2b_1000.jpg.1420x800.jpg,https://image1.ljcdn.com/110000-inspection/pc0_wbO4Uou9L_1.jpg.1420x800.jpg,https://image1.ljcdn.com/x-se/hdic-frame/standard_cec20c73-413a-4641-929d-797a9bb20497.png.1066x800.jpg,https://image1.ljcdn.com/110000-inspection/pc0_5FtZbIpNn_1.jpg.1420x800.jpg,https://image1.ljcdn.com/110000-inspection/pc0_XNJuV7tXV_1.jpg.1420x800.jpg,https://image1.ljcdn.com/110000-inspection/pc0_2KNZcFef3_1.jpg.1420x800.jpg,https://image1.ljcdn.com/110000-inspection/pc0_uMIbMixlE_1.jpg.1420x800.jpg,https://image1.ljcdn.com/110000-inspection/pc0_Qlo1loHvk_1.jpg.1420x800.jpg",有,2016-10-09,两梯四户,无抵押,非共有,2021-06-19,,精装,950,26,商品房,73547
89.97,72.97,保利嘉园一号院,南 北,中楼层 (共11层),自供暖,保利嘉园一号院新登记小板楼满五唯一明厨明卫_北京朝阳常营保利嘉园一号院二手房(北京链家),,101111929517,2室2厅1厨1卫,普通住宅,满五年,,"https://image1.ljcdn.com/110000-inspection/pc1_8UHmvujW4_1.jpg.1420x800.jpg,https://image1.ljcdn.com/110000-inspection/pc0_PsDqCter3_1.jpg.1420x800.jpg,https://image1.ljcdn.com/110000-inspection/pc0_aTmJI0KtY_1.jpg.1420x800.jpg,https://image1.ljcdn.com/x-se/hdic-frame/standard_fcb9e73c-b65f-4e6a-967e-8cef40abbbf8.png.1066x800.jpg,https://image1.ljcdn.com/110000-inspection/pc0_NB7j5I4sN_1.jpg.1420x800.jpg,https://image1.ljcdn.com/110000-inspection/pc0_AZrTncs7i_1.jpg.1420x800.jpg,https://image1.ljcdn.com/110000-inspection/pc0_JBFVnOsXT_1.jpg.1420x800.jpg,https://image1.ljcdn.com/110000-inspection/pc0_lnb1K3FVy_1.jpg.1420x800.jpg",有,2012-05-08,一梯四户,无抵押,非共有,2021-06-14,,精装,528,11,限价商品房,58687
69.14,53.9,金隅丽景园,南,低楼层 (共28层),集中供暖,六号线常营商品房两居室户型方正_北京朝阳常营金隅丽景园二手房(北京链家),,101111930578,2室1厅1厨1卫,普通住宅,满两年,,"https://image1.ljcdn.com/110000-inspection/pc0_47WNqpNl0_1.jpg.1420x800.jpg,https://image1.ljcdn.com/110000-inspection/pc0_ML6Zyxt3c_1.jpg.1420x800.jpg,https://image1.ljcdn.com/x-se/hdic-frame/standard_9150e77f-58b9-42d0-93d8-c04884319b38.png.1066x800.jpg,https://image1.ljcdn.com/110000-inspection/pc0_d6nWDe2ot_1.jpg.1420x800.jpg,https://image1.ljcdn.com/110000-inspection/pc0_C2sRDYSnY_1.jpg.1420x800.jpg,https://image1.ljcdn.com/110000-inspection/pc0_ZCuxqSCsK_1.jpg.1420x800.jpg,https://image1.ljcdn.com/110000-inspection/pc0_Lz9mV3Omj_1.jpg.1420x800.jpg",有,2017-04-06,两梯八户,有抵押80万元公积金客户偿还,非共有,2021-06-14,,简装,399,28,商品房,57709
109.71,88.32,白领家园,南 北,高楼层 (共16层),集中供暖,白领家园小区南北正规两居室，高楼层，视野采光好_北京朝阳甘露园白领家园二手房(北京链家),,101111937139,2室1厅1厨1卫,普通住宅,满五年,,"https://image1.ljcdn.com/110000-inspection/apc_oXtu8KLP3_1.jpg.1420x800.jpg,https://image1.ljcdn.com/110000-inspection/pc0_HSsy8rOZN_1.jpg.1420x800.jpg,https://image1.ljcdn.com/x-se/hdic-frame/standard_998e76ac-29f7-4948-a1bc-dbbecc6c6c4c.png.1066x800.jpg,https://image1.ljcdn.com/110000-inspection/pc0_gFJXtEuhW_1.jpg.1420x800.jpg,https://image1.ljcdn.com/110000-inspection/pc0_Vklj7HW5r_1.jpg.1420x800.jpg,https://image1.ljcdn.com/110000-inspection/pc0_CUX7A7YTN_1.jpg.1420x800.jpg,https://image1.ljcdn.com/110000-inspection/pc0_RhVdQQFjm_1.jpg.1420x800.jpg,https://image1.ljcdn.com/110000-inspection/pc0_Cyge5y21J.jpg.1420x800.jpg",有,2009-06-03,一梯两户,无抵押,非共有,2021-06-15,,精装,765,16,商品房,69730
107.42,,富力城D区,南,底层 (共21层),集中供暖,东二环外+有花园+龙吟半岛+不临街两居室+采光_北京朝阳双井富力城D区二手房(北京链家),,101111982021,2室1厅1厨2卫,普通住宅,满五年,,"https://image1.ljcdn.com/110000-inspection/pc0_sr5eRXNcH_1.jpg.1420x800.jpg,https://image1.ljcdn.com/110000-inspection/pc0_JBbKhNpZj_1.jpg.1420x800.jpg,https://image1.ljcdn.com/x-se/hdic-frame/standard_dcdd2a39-c8c5-4375-a3e8-24099a5baf34.png.1066x800.jpg,https://image1.ljcdn.com/110000-inspection/pc0_egpDQMJmd_1.jpg.1420x800.jpg,https://image1.ljcdn.com/110000-inspection/pc0_SVmAvbigk_1.jpg.1420x800.jpg,https://image1.ljcdn.com/110000-inspection/pc0_m35fcx1ol_1.jpg.1420x800.jpg,https://image1.ljcdn.com/110000-inspection/pc0_qUZn9fLS5_1.jpg.1420x800.jpg",有,2015-01-12,两梯三户,有抵押700万元哈尔滨银行客户偿还,非共有,2021-06-19,,精装,1300,21,商品房,121021
112.1,101.93,马坡花园一区,南 北,中楼层 (共5层),集中供暖,马坡花园一区中间楼层大面积两居室，精致装修_北京顺义马坡马坡花园一区二手房(北京链家),,101111971290,2室1厅1厨1卫,普通住宅,满五年,,"https://image1.ljcdn.com/110000-inspection/pc0_dzV5lnD7o_1.jpg.1420x800.jpg,https://image1.ljcdn.com/110000-inspection/pc0_qhcDma20j_1.jpg.1420x800.jpg,https://image1.ljcdn.com/x-se/hdic-frame/standard_e0c10bb0-9ebc-40dd-afe0-353e60ba0c3b.png.1066x800.jpg,https://image1.ljcdn.com/110000-inspection/805bc3f7-585b-4db3-a37f-481029204144_1000.jpg.1420x800.jpg,https://image1.ljcdn.com/110000-inspection/pc0_B4P4zNINH_1.jpg.1420x800.jpg,https://image1.ljcdn.com/110000-inspection/pc0_wA05jihk5_1.jpg.1420x800.jpg",无,2010-05-14,一梯两户,无抵押,非共有,2021-06-18,,精装,336,5,商品房,29974
62.79,55.31,馨港庄园三区,南 北,中楼层 (共6层),集中供暖,馨港庄园三区中间位置中间楼层采光好_北京顺义李桥馨港庄园三区二手房(北京链家),,101111954783,2室1厅1厨1卫,普通住宅,满五年,,"https://image1.ljcdn.com/110000-inspection/4eba2cdf-8034-4788-a508-5ffbf0a1d7a5_1000.jpg.1420x800.jpg,https://image1.ljcdn.com/110000-inspection/pc0_8z2PrPW9p_1.jpg.1420x800.jpg,https://image1.ljcdn.com/110000-inspection/apc_k4om83l8z_1.jpg.1420x800.jpg,https://image1.ljcdn.com/x-se/hdic-frame/standard_899e3938-a98c-47a5-af90-f943c22b5572.png.1066x800.jpg,https://image1.ljcdn.com/110000-inspection/apc_WApdGWXkM_1.jpg.1420x800.jpg,https://image1.ljcdn.com/110000-inspection/pc0_K7rx4rTne_1.jpg.1420x800.jpg,https://image1.ljcdn.com/110000-inspection/pc0_Mx6WxS9Fo_1.jpg.1420x800.jpg",无,2014-06-18,一梯两户,无抵押,非共有,2021-06-16,,简装,220,6,商品房,35038
80.3,,永定路1号院,南 北 西,低楼层 (共6层),集中供暖,永定路1号院3室1厅南北西_北京海淀田村永定路1号院二手房(北京链家),,101111905764,3室1厅1厨1卫,普通住宅,满五年,,"https://image1.ljcdn.com/110000-inspection/apc_nJDD2WHP3_1.jpg.1420x800.jpg,https://image1.ljcdn.com/110000-inspection/apc_xCOu5RSi4_1.jpg.1420x800.jpg,https://image1.ljcdn.com/x-se/hdic-frame/standard_8bc69bdc-49ec-4b67-83d9-014a0e5fab1b.png.1066x800.jpg,https://image1.ljcdn.com/110000-inspection/pc0_c9BQBvzBi_1.jpg.1420x800.jpg,https://image1.ljcdn.com/110000-inspection/apc_SbdL43JTD_1.jpg.1420x800.jpg,https://image1.ljcdn.com/110000-inspection/apc_vee8Gs35v_1.jpg.1420x800.jpg,https://image1.ljcdn.com/110000-inspection/pc0_jSHzTQcxu_1.jpg.1420x800.jpg,https://image1.ljcdn.com/110000-inspection/pc0_vqQ9JwcRe_1.jpg.1420x800.jpg",无,2013-08-12,一梯三户,无抵押,非共有,2021-06-12,,简装,620,6,已购公房,77211
212.57,174.39,紫竹花园,南 北,中楼层 (共15层),集中供暖,南北通透，双主卧设计，带地下车位，有钥匙看房随时_北京海淀紫竹桥紫竹花园二手房(北京链家),,101111902792,3室2厅1厨3卫,普通住宅,满五年,,"https://image1.ljcdn.com/110000-inspection/pc0_FnoJV5TwU_1.jpg.1420x800.jpg,https://image1.ljcdn.com/110000-inspection/pc0_siUtkRcFw_1.jpg.1420x800.jpg,https://image1.ljcdn.com/x-se/hdic-frame/standard_ecd0975c-50c2-4301-b492-49f68c9ca832.png.1066x800.jpg,https://image1.ljcdn.com/110000-inspection/pc0_TRJqJ0bl5_1.jpg.1420x800.jpg,https://image1.ljcdn.com/110000-inspection/pc0_21tQPs7Gf_1.jpg.1420x800.jpg,https://image1.ljcdn.com/110000-inspection/pc0_OPnC8ahU4_1.jpg.1420x800.jpg,https://image1.ljcdn.com/110000-inspection/pc0_dZc55VvTf_1.jpg.1420x800.jpg,https://image1.ljcdn.com/110000-inspection/pc0_bCy9wGfTY_1.jpg.1420x800.jpg,https://image1.ljcdn.com/110000-inspection/pc0_QTaX0r7oU_1.jpg.1420x800.jpg",有,2009-04-09,一梯两户,无抵押,共有,2021-06-11,,简装,1620,15,商品房,76211
61.08,,吉祥里,东 南,顶层 (共6层),集中供暖,吉祥里小区东南向双阳台户型方正诚意出售_北京朝阳朝阳门外吉祥里二手房(北京链家),,101111973253,2室1厅1厨1卫,普通住宅,满两年,,"https://image1.ljcdn.com/110000-inspection/pc0_WC8Io4uDG_1.jpg.1420x800.jpg,https://image1.ljcdn.com/110000-inspection/pc0_H7qd8SUfW_1.jpg.1420x800.jpg,https://image1.ljcdn.com/x-se/hdic-frame/standard_3fb288d9-3f1e-40f5-ac17-f975fce3d1f2.png.1066x800.jpg,https://image1.ljcdn.com/110000-inspection/pc0_kq80G630I_1.jpg.1420x800.jpg,https://image1.ljcdn.com/110000-inspection/pc0_nfaN83cJx_1.jpg.1420x800.jpg,https://image1.ljcdn.com/110000-inspection/pc0_gHVhdAXwc_1.jpg.1420x800.jpg",无,2016-08-08,一梯六户,有抵押60万元业主自还,非共有,2021-06-18,,精装,509,6,商品房,83334
118.83,97.38,珠江峰景,西南,低楼层 (共21层),集中供暖,满五年唯一商品房，无遮挡，诚心出售_北京丰台岳各庄珠江峰景二手房(北京链家),,101111928068,3室1厅1厨2卫,普通住宅,满五年,,"https://image1.ljcdn.com/110000-inspection/pc0_17y22Uj6F_1.jpg.1420x800.jpg,https://image1.ljcdn.com/110000-inspection/pc0_VNx81m0fs_1.jpg.1420x800.jpg,https://image1.ljcdn.com/x-se/hdic-frame/standard_be9c4b58-de61-413f-a908-80fe69a7683a.png.1066x800.jpg,https://image1.ljcdn.com/110000-inspection/pc0_aWFCfgrvZ_1.jpg.1420x800.jpg,https://image1.ljcdn.com/110000-inspection/pc0_1YHV3pEI9_1.jpg.1420x800.jpg,https://image1.ljcdn.com/110000-inspection/pc0_rwSMmRX25_1.jpg.1420x800.jpg,https://image1.ljcdn.com/110000-inspection/pc0_BmYeyyAZ7_1.jpg.1420x800.jpg,https://image1.ljcdn.com/110000-inspection/pc0_obbjEpCyF_1.jpg.1420x800.jpg,https://image1.ljcdn.com/110000-inspection/pc0_BX9TOJoRe_1.jpg.1420x800.jpg",有,2009-11-25,三梯八户,无抵押,非共有,2021-06-14,,精装,690,21,商品房,58067
40.82,,安华西里社区,南,中楼层 (共6层),集中供暖,安华西里社区精装修业主诚心出售_北京朝阳安贞安华西里社区二手房(北京链家),,101111937317,1室1厅1厨1卫,普通住宅,满五年,,"https://image1.ljcdn.com/110000-inspection/pc1_Yn6dr9Cqc_1.jpg.1420x800.jpg,https://image1.ljcdn.com/110000-inspection/apc_d1WRk1tnl_1.jpg.1420x800.jpg,https://image1.ljcdn.com/110000-inspection/pc0_f53hhuJ0l_1.jpg.1420x800.jpg,https://image1.ljcdn.com/x-se/hdic-frame/standard_bb33ef0a-4bc3-4da2-896c-814845343ccd.png.1066x800.jpg,https://image1.ljcdn.com/110000-inspection/pc0_nHsax33GD_1.jpg.1420x800.jpg,https://image1.ljcdn.com/110000-inspection/pc0_CcWbcOrrg_1.jpg.1420x800.jpg",无,2013-09-22,一梯三户,有抵押49万元交通银行客户偿还,非共有,2021-06-15,,精装,350,6,商品房,85743
87.92,,中建国际港,南,高楼层 (共33层),集中供暖,中建国际港2室2厅南_北京大兴枣园中建国际港二手房(北京链家),,101111919969,2室2厅1厨1卫,普通住宅,满两年,,"https://image1.ljcdn.com/110000-inspection/pc1_3MEcKKXUK_2.jpg.1420x800.jpg,https://image1.ljcdn.com/110000-inspection/pc0_qRbua7XcI_2.jpg.1420x800.jpg,https://image1.ljcdn.com/110000-inspection/pc0_tLzUfRyU5_2.jpg.1420x800.jpg,https://image1.ljcdn.com/x-se/hdic-frame/standard_a6e3713e-2d9a-40ab-968a-47c6388e631b.png.1066x800.jpg,https://image1.ljcdn.com/110000-inspection/pc0_R9wPhzgBx_2.jpg.1420x800.jpg,https://image1.ljcdn.com/110000-inspection/pc0_exdoxD0vN_2.jpg.1420x800.jpg,https://image1.ljcdn.com/110000-inspection/pc0_9qoDRDrgF_2.jpg.1420x800.jpg",有,2016-07-01,两梯四户,有抵押120万元业主自还,非共有,2021-06-13,,简装,450,33,商品房,51183
63.43,,海逸半岛,南,低楼层 (共14层),自供暖,海逸半岛南向一居室落地窗业主诚心出售_北京房山良乡海逸半岛二手房(北京链家),,101111946852,2室1厅1厨1卫,普通住宅,满两年,,"https://image1.ljcdn.com/110000-inspection/pc0_NLAA6II4Q_1.jpg.1420x800.jpg,https://image1.ljcdn.com/110000-inspection/pc0_6KsuByWgd_1.jpg.1420x800.jpg,https://image1.ljcdn.com/x-se/hdic-frame/standard_703a5a49-1374-4fb7-8736-027debab0b1f.png.1066x800.jpg,https://image1.ljcdn.com/110000-inspection/pc0_iPG18jU7Y_1.jpg.1420x800.jpg,https://image1.ljcdn.com/110000-inspection/pc0_ggFsgFrxV_1.jpg.1420x800.jpg,https://image1.ljcdn.com/110000-inspection/pc0_Ecoz4EUyw_1.jpg.1420x800.jpg",有,2017-05-23,一梯两户,有抵押100万元工商金融公司垫资,非共有,2021-06-16,,简装,257,14,商品房,40518
76.23,61.24,同馨家园,南 北,中楼层 (共18层),集中供暖,同馨家园满五唯一婚房装修随时看房_北京丰台青塔同馨家园二手房(北京链家),,101111927250,2室1厅1厨1卫,普通住宅,满五年,,"https://image1.ljcdn.com/110000-inspection/pc1_GqlfokU9T_1.jpg.1420x800.jpg,https://image1.ljcdn.com/110000-inspection/pc0_jhZYBqln7_1.jpg.1420x800.jpg,https://image1.ljcdn.com/110000-inspection/pc0_5xl6bLNgH_1.jpg.1420x800.jpg,https://image1.ljcdn.com/x-se/hdic-frame/standard_57e83f23-b912-4ebe-a80c-a1d5c45607b8.png.1066x800.jpg,https://image1.ljcdn.com/110000-inspection/pc0_VutcLhbCz_1.jpg.1420x800.jpg,https://image1.ljcdn.com/110000-inspection/pc0_BjCdlyACe_1.jpg.1420x800.jpg,https://image1.ljcdn.com/110000-inspection/pc0_R8k2hgVom_1.jpg.1420x800.jpg",有,2014-04-08,两梯四户,有抵押30万元公积金客户偿还,非共有,2021-06-14,,精装,415,18,限价商品房,54441
159.7,,浩鸿园,东南 北,高楼层 (共25层),集中供暖,浩鸿园二环外户型方正观河三居室三面采光_北京朝阳国展浩鸿园二手房(北京链家),,101111869396,3室1厅1厨2卫,普通住宅,满五年,,"https://image1.ljcdn.com/110000-inspection/pc1_LCjSSGrFA_1.jpg.1420x800.jpg,https://image1.ljcdn.com/110000-inspection/apc_nFoYIewS2_1.jpg.1420x800.jpg,https://image1.ljcdn.com/110000-inspection/apc_H0Z9P9n4E_1.jpg.1420x800.jpg,https://image1.ljcdn.com/x-se/hdic-frame/standard_8e98a506-ed24-4d90-a33f-a30ece75f850.png.1066x800.jpg,https://image1.ljcdn.com/110000-inspection/apc_zwEvfJgzd_1.jpg.1420x800.jpg,https://image1.ljcdn.com/110000-inspection/apc_xWw0UEW0t_1.jpg.1420x800.jpg,https://image1.ljcdn.com/110000-inspection/de0c2f82-5953-4628-82e5-af37041f52b1_1000.jpg.1420x800.jpg,https://image1.ljcdn.com/110000-inspection/pc0_eJudaVHfp_1.jpg.1420x800.jpg,https://image1.ljcdn.com/110000-inspection/pc0_WlD5x4iBB_1.jpg.1420x800.jpg",有,2004-06-30,三梯八户,无抵押,非共有,2021-06-09,,精装,1300,25,商品房,81403
76.7,,车道沟南里,南 西,中楼层 (共21层),集中供暖,车道沟南里西南向大三居，采光视野好_北京海淀紫竹桥车道沟南里二手房(北京链家),,101111851476,3室1厅1厨1卫,普通住宅,满五年,,"https://image1.ljcdn.com/110000-inspection/pc1_m5bm48qxY_1.jpg.1420x800.jpg,https://image1.ljcdn.com/110000-inspection/pc0_lFLvkdgoa_1.jpg.1420x800.jpg,https://image1.ljcdn.com/110000-inspection/pc0_zu619XPmJ_2.jpg.1420x800.jpg,https://image1.ljcdn.com/x-se/hdic-frame/standard_968b863c-86ac-4289-9b53-37a1fc1ee839.png.1066x800.jpg,https://image1.ljcdn.com/110000-inspection/pc0_wwPXuej2S_1.jpg.1420x800.jpg,https://image1.ljcdn.com/110000-inspection/pc0_aWvXEetJg_1.jpg.1420x800.jpg,https://image1.ljcdn.com/110000-inspection/pc0_04jhXQGMC_2.jpg.1420x800.jpg,https://image1.ljcdn.com/110000-inspection/pc0_l2kGLbN0h_2.jpg.1420x800.jpg",有,2016-06-20,两梯八户,有抵押180万元平安银行业主自还,非共有,2021-06-07,,简装,798,21,已购公房,104042
59.88,48.05,万年花城五期,南,高楼层 (共15层),集中供暖,满五唯一正规南向一居室精装修_北京丰台玉泉营万年花城五期二手房(北京链家),,101111939200,1室1厅1厨1卫,普通住宅,满五年,,"https://image1.ljcdn.com/110000-inspection/dec2036c-b749-4516-8e9a-72932af10dca_1000.jpg.1420x800.jpg,https://image1.ljcdn.com/110000-inspection/3b5e3087-ab31-441e-a675-b1cc5be7d2fe_1000.jpg.1420x800.jpg,https://image1.ljcdn.com/x-se/hdic-frame/standard_55aef4ce-b59d-4121-bdfc-391e790c4a0f.png.1066x800.jpg,https://image1.ljcdn.com/110000-inspection/e3c2f368-805e-44cb-971a-64dff54c360d_1000.jpg.1420x800.jpg,https://image1.ljcdn.com/110000-inspection/7a86c0a6-4618-47cf-b178-27e8d6f8fc8f_1000.jpg.1420x800.jpg",有,2014-03-06,一梯三户,无抵押,非共有,2021-06-15,,精装,495,15,商品房,82666
73.41,60.74,金隅泰和园,南,高楼层 (共11层),集中供暖,金隅泰和园高层无遮挡精装修看房方便正规两居室_北京朝阳高碑店金隅泰和园二手房(北京链家),,101111876112,2室1厅1厨1卫,普通住宅,满五年,,"https://image1.ljcdn.com/110000-inspection/pc1_Ry5ZQhtWe_1.jpg.1420x800.jpg,https://image1.ljcdn.com/110000-inspection/pc0_5NYd4wpB5_1.jpg.1420x800.jpg,https://image1.ljcdn.com/110000-inspection/pc0_7hfzDbDzm.jpg.1420x800.jpg,https://image1.ljcdn.com/x-se/hdic-frame/standard_7673be6e-c2fa-4c33-a1ef-2136fb428a2f.png.1066x800.jpg,https://image1.ljcdn.com/110000-inspection/pc0_VX2CSAJs0_1.jpg.1420x800.jpg,https://image1.ljcdn.com/110000-inspection/pc0_w4cNzc9ei_1.jpg.1420x800.jpg,https://image1.ljcdn.com/110000-inspection/pc0_v0GKmvUwe.jpg.1420x800.jpg,https://image1.ljcdn.com/110000-inspection/pc0_0Cbx9tXyC.jpg.1420x800.jpg",有,2016-01-12,一梯四户,有抵押40万元,非共有,2021-06-09,,简装,458,11,限价商品房,62390
164.17,,罗马花园,西,高楼层 (共26层),集中供暖,罗马花园西向三居无遮挡步行地铁惠新西街北口287米_北京朝阳惠新西街罗马花园二手房(北京链家),,101111711587,3室2厅1厨2卫,普通住宅,满五年,,"https://image1.ljcdn.com/110000-inspection/pc0_GULp0lURv_1.jpg.1420x800.jpg,https://image1.ljcdn.com/110000-inspection/apc_WueRPjD5R_1.jpg.1420x800.jpg,https://image1.ljcdn.com/x-se/hdic-frame/standard_326358d1-ba5b-4598-9e9b-1ce26d9f734a.png.1066x800.jpg,https://image1.ljcdn.com/110000-inspection/pc0_jUcQc7jR2_1.jpg.1420x800.jpg,https://image1.ljcdn.com/110000-inspection/pc0_ZJOFLW5xD_1.jpg.1420x800.jpg,https://image1.ljcdn.com/110000-inspection/pc0_L52rr3Ij2_1.jpg.1420x800.jpg,https://image1.ljcdn.com/110000-inspection/pc0_xl2rMwm6D_1.jpg.1420x800.jpg,https://image1.ljcdn.com/110000-inspection/pc0_UvUl1mkMM_1.jpg.1420x800.jpg,https://image1.ljcdn.com/110000-inspection/pc0_46ltAJHl4_1.jpg.1420x800.jpg,https://image1.ljcdn.com/110000-inspection/pc0_xILcEgp6m_1.jpg.1420x800.jpg,https://image1.ljcdn.com/110000-inspection/pc0_Wl35v2d6Z_1.jpg.1420x800.jpg",有,2009-10-22,两梯四户,无抵押,非共有,2021-05-26,,精装,1150,26,商品房,70050
71.54,,广渠门外大街,南 北,中楼层 (共5层),集中供暖,广渠门外大街南北通透满五年_北京朝阳劲松广渠门外大街二手房(北京链家),,101111827236,3室1厅1厨1卫,普通住宅,满五年,,"https://image1.ljcdn.com/110000-inspection/pc1_YTNg8uqwT_1.jpg.1420x800.jpg,https://image1.ljcdn.com/110000-inspection/pc0_dhSZvXm9r_1.jpg.1420x800.jpg,https://image1.ljcdn.com/110000-inspection/pc0_280Gv5Bk4_1.jpg.1420x800.jpg,https://image1.ljcdn.com/x-se/hdic-frame/standard_4b8da9c4-acb1-460e-957b-7d3471537b48.png.1066x800.jpg,https://image1.ljcdn.com/110000-inspection/pc0_MW6fhuN2T_1.jpg.1420x800.jpg,https://image1.ljcdn.com/110000-inspection/pc0_kTfXLCuvb_1.jpg.1420x800.jpg,https://image1.ljcdn.com/110000-inspection/pc0_owrQKzASc_1.jpg.1420x800.jpg,https://image1.ljcdn.com/110000-inspection/pc0_Plz6XQHYL_1.jpg.1420x800.jpg,https://image1.ljcdn.com/110000-inspection/apc_1ZqhptFvd_1.jpg.1420x800.jpg,https://image1.ljcdn.com/110000-inspection/pc0_6xNbdc4Do_1.jpg.1420x800.jpg,https://image1.ljcdn.com/110000-inspection/pc0_mUAMLggQg_1.jpg.1420x800.jpg,https://image1.ljcdn.com/110000-inspection/pc0_mDM6Sjc6U_1.jpg.1420x800.jpg",无,2005-03-31,一梯两户,无抵押,非共有,2021-06-05,,简装,473,5,已购公房,66117
120.53,,龙腾苑四区,南 北,中楼层 (共6层),自供暖,龙腾苑四区3室1厅南北_北京昌平回龙观龙腾苑四区二手房(北京链家),,101111970789,3室1厅1厨1卫,普通住宅,满五年,,"https://image1.ljcdn.com/110000-inspection/apc_qvCT0kpqk_1.jpg.1420x800.jpg,https://image1.ljcdn.com/110000-inspection/apc_6omz7k9xk_1.jpg.1420x800.jpg,https://image1.ljcdn.com/x-se/hdic-frame/standard_c4abd01d-a98a-4c7b-ac6a-77ad6f30a4f7.png.1066x800.jpg,https://image1.ljcdn.com/110000-inspection/apc_VpieUbZMz_1.jpg.1420x800.jpg,https://image1.ljcdn.com/110000-inspection/apc_kwJ29OhYZ_1.jpg.1420x800.jpg,https://image1.ljcdn.com/110000-inspection/pc0_40yaZhzbh_1.jpg.1420x800.jpg,https://image1.ljcdn.com/110000-inspection/pc0_i7TTNafks_1.jpg.1420x800.jpg",无,2015-12-10,一梯两户,无抵押,非共有,2021-06-18,,简装,600,6,商品房,49781
300.73,,境界,精装,地下室 (共3层),,境界联排边户满五年家庭一套住宅诚意出售_北京亦庄开发区亦庄境界二手房(北京链家),,101111772983,4室2厅1厨3卫,别墅,满五年,,"https://image1.ljcdn.com/110000-inspection/pc0_xWOmNLr3e_1.jpg.1420x800.jpg,https://image1.ljcdn.com/110000-inspection/pc0_dPjCqBovm_1.jpg.1420x800.jpg,https://image1.ljcdn.com/x-se/hdic-frame/standard_2070b23a-0879-4aa7-aa68-3e5d3d847aef.png.1066x800.jpg,https://image1.ljcdn.com/110000-inspection/apc_0JmPaVrHB_1.jpg.1420x800.jpg,https://image1.ljcdn.com/110000-inspection/pc0_GF3zFHjFm_1.jpg.1420x800.jpg,https://image1.ljcdn.com/110000-inspection/pc0_D5M5NyR3V_1.jpg.1420x800.jpg,https://image1.ljcdn.com/110000-inspection/pc0_B0y3RA9dN_1.jpg.1420x800.jpg,https://image1.ljcdn.com/110000-inspection/pc0_346OR4yi9_1.jpg.1420x800.jpg,https://image1.ljcdn.com/110000-inspection/pc0_AISV15PEt_1.jpg.1420x800.jpg,https://image1.ljcdn.com/110000-inspection/pc0_PDwtr43su_1.jpg.1420x800.jpg,https://image1.ljcdn.com/110000-inspection/apc_Fa50rIibo_1.jpg.1420x800.jpg,https://image1.ljcdn.com/110000-inspection/pc0_kxIIy4ZCl_1.jpg.1420x800.jpg,https://image1.ljcdn.com/110000-inspection/pc0_JQ0SoAgeL_1.jpg.1420x800.jpg,https://image1.ljcdn.com/110000-inspection/pc0_Mdr7iPb6d_1.jpg.1420x800.jpg",,2005-09-22,,无抵押,非共有,2021-06-01,,集中供暖,1450,3,商品房,48217
78.8,,南湖东园二区,东南,中楼层 (共20层),集中供暖,南湖东园二区2室1厅东南_北京朝阳望京南湖东园二区二手房(北京链家),,101111989535,2室1厅1厨1卫,普通住宅,满五年,,"https://image1.ljcdn.com/110000-inspection/pc0_FMa9GuE8Z_1.jpg.1420x800.jpg,https://image1.ljcdn.com/110000-inspection/pc0_lJ4dOIVEI_1.jpg.1420x800.jpg,https://image1.ljcdn.com/x-se/hdic-frame/standard_e82422f8-bceb-4e12-99af-6edbcf673e0e.png.1066x800.jpg,https://image1.ljcdn.com/110000-inspection/pc0_jdVeEripI_1.jpg.1420x800.jpg,https://image1.ljcdn.com/110000-inspection/pc0_q4KL6yW9k_1.jpg.1420x800.jpg,https://image1.ljcdn.com/110000-inspection/pc0_2MwSzKZ3b_1.jpg.1420x800.jpg,https://image1.ljcdn.com/110000-inspection/pc0_CpFY8H8m5_1.jpg.1420x800.jpg",有,2013-03-25,两梯八户,无抵押,非共有,2021-06-19,,简装,650,20,商品房,82488
89.23,71.84,金地朗悦朗园,南 北,中楼层 (共14层),集中供暖,金地朗悦朗园3室1厅南北_北京房山长阳金地朗悦朗园二手房(北京链家),,101111968048,3室1厅1厨1卫,普通住宅,满五年,,"https://image1.ljcdn.com/110000-inspection/pc1_st3SMxwJj_1.jpg.1420x800.jpg,https://image1.ljcdn.com/110000-inspection/pc0_t6dZTFsVM_1.jpg.1420x800.jpg,https://image1.ljcdn.com/110000-inspection/pc0_dwaGgJwPg_1.jpg.1420x800.jpg,https://image1.ljcdn.com/x-se/hdic-frame/standard_73a2cb63-e6bf-48ae-98da-6d48982bbb3f.png.1066x800.jpg,https://image1.ljcdn.com/110000-inspection/apc_DxnFeWKec_1.jpg.1420x800.jpg,https://image1.ljcdn.com/110000-inspection/pc0_Ou8uQyyw5_1.jpg.1420x800.jpg,https://image1.ljcdn.com/110000-inspection/apc_xgwkCMSHq_1.jpg.1420x800.jpg,https://image1.ljcdn.com/110000-inspection/0ba7c023-bbf1-4e05-a5f2-ecb514d8ff7e_1000.jpg.1420x800.jpg,https://image1.ljcdn.com/110000-inspection/pc0_M7wz0oO7t_1.jpg.1420x800.jpg",有,2015-01-13,两梯四户,无抵押,非共有,2021-06-18,,简装,410,14,商品房,45949
56.42,39.4,花家地南里,南,中楼层 (共6层),集中供暖,花家地南里南向两居满五年看房随时_北京朝阳望京花家地南里二手房(北京链家),,101111984374,2室1厅1厨1卫,普通住宅,满五年,,"https://image1.ljcdn.com/110000-inspection/pc0_XTjjQFP3G_1.jpg.1420x800.jpg,https://image1.ljcdn.com/110000-inspection/pc0_DbZdEjYaI_1.jpg.1420x800.jpg,https://image1.ljcdn.com/x-se/hdic-frame/standard_55f0447d-6106-46b6-a35b-a2f55690e61d.png.1066x800.jpg,https://image1.ljcdn.com/110000-inspection/pc0_s3zZATJs8_1.jpg.1420x800.jpg,https://image1.ljcdn.com/110000-inspection/pc0_f0Y8ddHYw_1.jpg.1420x800.jpg,https://image1.ljcdn.com/110000-inspection/pc0_g47ksx4Wd_1.jpg.1420x800.jpg,https://image1.ljcdn.com/110000-inspection/pc0_n1h37uQZ9_1.jpg.1420x800.jpg",无,2015-03-10,一梯三户,无抵押,非共有,2021-06-19,,简装,430,6,商品房,76215
136.61,,中兴家园,南,中楼层 (共20层),自供暖,中兴家园全南向玉渊潭公园一河之隔满五年一套_北京海淀公主坟中兴家园二手房(北京链家),,101111992050,2室2厅1厨2卫,普通住宅,满五年,,"https://image1.ljcdn.com/110000-inspection/apc_YbkbDxi0f_2.jpg.1420x800.jpg,https://image1.ljcdn.com/110000-inspection/pc0_OlYmC96Hh_1.jpg.1420x800.jpg,https://image1.ljcdn.com/x-se/hdic-frame/standard_5e9d868d-d0e7-4ace-ba14-eceb4dcbd855.png.1066x800.jpg,https://image1.ljcdn.com/110000-inspection/pc0_7a1Lyitui_2.jpg.1420x800.jpg,https://image1.ljcdn.com/110000-inspection/pc0_4aW35SEYo_2.jpg.1420x800.jpg,https://image1.ljcdn.com/110000-inspection/pc0_upvCA5Zqq_1.jpg.1420x800.jpg,https://image1.ljcdn.com/110000-inspection/pc0_GAkWjtXTR_1.jpg.1420x800.jpg,https://image1.ljcdn.com/110000-inspection/pc0_pAJ58OocT_1.jpg.1420x800.jpg",有,2005-05-31,四梯十户,无抵押,非共有,2021-06-20,,精装,1350,20,商品房,98822
87.93,,芳城园三区,东南 西北,中楼层 (共25层),集中供暖,方庄小区芳城园三区正规三居室离地铁近_北京丰台方庄芳城园三区二手房(北京链家),,101111984707,3室1厅1厨1卫,普通住宅,满五年,,"https://image1.ljcdn.com/110000-inspection/pc0_jI3ftr03w_1.jpg.1420x800.jpg,https://image1.ljcdn.com/110000-inspection/pc0_9vFiGqhpf_1.jpg.1420x800.jpg,https://image1.ljcdn.com/x-se/hdic-frame/standard_329e0d41-c3b6-424a-b268-9510e7de93af.png.1066x800.jpg,https://image1.ljcdn.com/110000-inspection/5d5f10c9-10b4-4215-afe6-bbb2bb4d4650_1000.jpg.1420x800.jpg,https://image1.ljcdn.com/110000-inspection/pc0_GuYLKq7Y8_1.jpg.1420x800.jpg,https://image1.ljcdn.com/110000-inspection/pc0_95Toegtav_1.jpg.1420x800.jpg,https://image1.ljcdn.com/110000-inspection/pc0_74KkDKOpz_1.jpg.1420x800.jpg,https://image1.ljcdn.com/110000-inspection/pc0_HP9DP8ovx_1.jpg.1420x800.jpg,https://image1.ljcdn.com/110000-inspection/pc0_kylwGCwWQ_1.jpg.1420x800.jpg,https://image1.ljcdn.com/110000-inspection/pc0_J7oTzVxBg_1.jpg.1420x800.jpg",有,2004-06-07,两梯八户,无抵押,非共有,2021-06-19,,简装,520,25,已购公房,59138
69.48,,潘家园东里,西南,顶层 (共18层),集中供暖,潘家园东里小区位于潘家园商圈满五年唯一商品房_北京朝阳潘家园潘家园东里二手房(北京链家),,101111933510,2室1厅1厨1卫,普通住宅,满五年,,"https://image1.ljcdn.com/110000-inspection/pc0_44GLu2ZHS_1.jpg.1420x800.jpg,https://image1.ljcdn.com/110000-inspection/pc0_FqAPc2Lhz_1.jpg.1420x800.jpg,https://image1.ljcdn.com/x-se/hdic-frame/standard_d3eef404-a40d-46f6-bff1-861425f65ac3.png.1066x800.jpg,https://image1.ljcdn.com/110000-inspection/pc0_OVvoTvhI5_1.jpg.1420x800.jpg,https://image1.ljcdn.com/110000-inspection/pc0_bHns8TJMe_1.jpg.1420x800.jpg,https://image1.ljcdn.com/110000-inspection/pc0_SB4Dt7ren_1.jpg.1420x800.jpg,https://image1.ljcdn.com/110000-inspection/pc0_pw7krkynE_1.jpg.1420x800.jpg,https://image1.ljcdn.com/110000-inspection/pc0_uE46XceT8_1.jpg.1420x800.jpg,https://image1.ljcdn.com/110000-inspection/pc0_3ONi4uaAj_1.jpg.1420x800.jpg",有,2013-06-26,两梯八户,无抵押,非共有,2021-06-14,,简装,409,18,商品房,58866
145.51,125.32,朝阳嘉园,西南,低楼层 (共25层),集中供暖,06年商品房、正规西南三居，无遮挡采光好满五年唯一_北京朝阳十里堡朝阳嘉园二手房(北京链家),,101111988466,3室2厅1厨2卫,普通住宅,满五年,,"https://image1.ljcdn.com/110000-inspection/prod-a2aaa7cc-aab5-4c6c-a863-19ffc329325c.jpg.1420x800.jpg,https://image1.ljcdn.com/110000-inspection/prod-c4cefb37-4708-4faa-98fd-bd24dcb96ba8.png.1420x800.jpg,https://image1.ljcdn.com/110000-inspection/prod-3beed35f-88aa-4f79-a56d-675af6e0e12e.jpg.1420x800.jpg,https://image1.ljcdn.com/x-se/hdic-frame/prod-05738fac-a536-4139-8963-1d19da52d290.png.1066x800.jpg,https://image1.ljcdn.com/110000-inspection/prod-0a54cc7f-5db1-4a3f-b797-69a46ee0f95c.jpg.1420x800.jpg,https://image1.ljcdn.com/110000-inspection/prod-6d5cf9d8-9c14-4224-9d1e-0384ff377600.jpg.1420x800.jpg,https://image1.ljcdn.com/110000-inspection/prod-1bb1a1f8-b3ea-438b-b87c-abd1b045a314.jpg.1420x800.jpg,https://image1.ljcdn.com/110000-inspection/prod-7f32a442-46ce-4602-a2e4-23eeeeec77e4.png.1420x800.jpg,https://image1.ljcdn.com/110000-inspection/prod-bc3ed902-9ae4-47ba-b47b-efe94b6c8857.png.1420x800.jpg,https://image1.ljcdn.com/110000-inspection/prod-9649b054-2251-43fa-8413-13a771411f93.png.1420x800.jpg",有,2006-07-31,三梯八户,无抵押,非共有,2021-06-19,,精装,740,25,私产,50856
51.3,,松榆里,西南,低楼层 (共19层),集中供暖,潘家园松榆里电梯直达满五年西南向两居室_北京朝阳潘家园松榆里二手房(北京链家),,101111987350,2室1厅1厨1卫,普通住宅,满五年,,"https://image1.ljcdn.com/110000-inspection/pc0_DB9Gbb9Uh_1.jpg.1420x800.jpg,https://image1.ljcdn.com/110000-inspection/pc0_pAv9fezEC_1.jpg.1420x800.jpg,https://image1.ljcdn.com/x-se/hdic-frame/standard_086bac17-36ca-4900-b4a8-2f73ac22a618.png.1066x800.jpg,https://image1.ljcdn.com/110000-inspection/pc0_YRjIu0GLA_1.jpg.1420x800.jpg,https://image1.ljcdn.com/110000-inspection/pc0_asoex5jRw_1.jpg.1420x800.jpg,https://image1.ljcdn.com/110000-inspection/apc_iul1eBrZg_1.jpg.1420x800.jpg,https://image1.ljcdn.com/110000-inspection/pc0_hjczjWyYs_1.jpg.1420x800.jpg,https://image1.ljcdn.com/110000-inspection/pc0_AgE4nrB2H_1.jpg.1420x800.jpg",有,2010-12-28,两梯八户,无抵押,非共有,2021-06-19,,简装,330,19,商品房,64328
89.92,71.59,双合家园,南 北,低楼层 (共22层),集中供暖,双合地铁精装修诚意出售随时签约看房方便满五唯一_北京朝阳垡头双合家园二手房(北京链家),,101111946378,2室2厅1厨1卫,普通住宅,满五年,,"https://image1.ljcdn.com/110000-inspection/pc0_l21LfoHaZ_2.jpg.1420x800.jpg,https://image1.ljcdn.com/110000-inspection/pc0_8jO3OTTwv_2.jpg.1420x800.jpg,https://image1.ljcdn.com/x-se/hdic-frame/standard_ae682b3a-a17f-465f-a236-2d7d66b61b26.png.1066x800.jpg,https://image1.ljcdn.com/110000-inspection/pc0_1T2aXQh1A_2.jpg.1420x800.jpg,https://image1.ljcdn.com/110000-inspection/pc0_tksc3Y7Zn_2.jpg.1420x800.jpg,https://image1.ljcdn.com/110000-inspection/pc0_s0r4bLiEQ_2.jpg.1420x800.jpg,https://image1.ljcdn.com/110000-inspection/pc0_yDo5cbJlv_2.jpg.1420x800.jpg",有,2014-06-24,两梯四户,无抵押,非共有,2021-06-16,,精装,399,22,限价商品房,44373
139.71,,百旺家苑,南 北,中楼层 (共4层),集中供暖,百旺家苑南北三居，满五年唯一，户型方正_北京海淀马连洼百旺家苑二手房(北京链家),,101111958883,3室2厅1厨2卫,普通住宅,满五年,,"https://image1.ljcdn.com/110000-inspection/pc0_0P1BkFuru_1.jpg.1420x800.jpg,https://image1.ljcdn.com/110000-inspection/pc0_A2E8FYZT7_1.jpg.1420x800.jpg,https://image1.ljcdn.com/x-se/hdic-frame/standard_a040950a-97b4-49e0-84e1-f2435be1c4f8.png.1066x800.jpg,https://image1.ljcdn.com/110000-inspection/pc0_Du0B44PSa_1.jpg.1420x800.jpg,https://image1.ljcdn.com/110000-inspection/pc0_Bk78vSb0D_1.jpg.1420x800.jpg,https://image1.ljcdn.com/110000-inspection/pc0_QodfSRljC_1.jpg.1420x800.jpg,https://image1.ljcdn.com/110000-inspection/pc0_NDEH0zknh_1.jpg.1420x800.jpg,https://image1.ljcdn.com/110000-inspection/pc0_Mtnh69tU2_1.jpg.1420x800.jpg,https://image1.ljcdn.com/110000-inspection/pc0_bBhQHt7mX_1.jpg.1420x800.jpg",无,2006-04-12,一梯两户,无抵押,非共有,2021-06-17,,简装,1230,4,商品房,88040
60.72,,农光南路,东南,高楼层 (共18层),集中供暖,农光南路精装修东南两居高楼层采光视野好近地铁_北京朝阳劲松农光南路二手房(北京链家),,101111957390,2室1厅1厨1卫,普通住宅,满五年,,"https://image1.ljcdn.com/110000-inspection/pc0_HwVXDBHue_1.jpg.1420x800.jpg,https://image1.ljcdn.com/110000-inspection/pc0_LcOFKZ5b4_1.jpg.1420x800.jpg,https://image1.ljcdn.com/x-se/hdic-frame/standard_8207b867-7905-4ff5-b49b-12568fa6fcf7.png.1066x800.jpg,https://image1.ljcdn.com/110000-inspection/pc0_qwleaTRMS_1.jpg.1420x800.jpg,https://image1.ljcdn.com/110000-inspection/pc0_KWdEujZu8_1.jpg.1420x800.jpg,https://image1.ljcdn.com/110000-inspection/pc0_DxEerGKmT_1.jpg.1420x800.jpg,https://image1.ljcdn.com/110000-inspection/pc0_tCGp56Dah_1.jpg.1420x800.jpg",有,2004-12-28,两梯十户,无抵押,非共有,2021-06-17,,精装,365,18,已购公房,60112
118.35,107.44,和谐家园一区,南 北,低楼层 (共6层),自供暖,商品房，中间层，自住装修，随时签约_北京昌平回龙观和谐家园一区二手房(北京链家),,101111926026,3室1厅1厨1卫,普通住宅,满两年,,"https://image1.ljcdn.com/110000-inspection/ddb4d62d-7a33-43c6-81fc-285b6e986ebf_1000.jpg.1420x800.jpg,https://image1.ljcdn.com/110000-inspection/b701a907-c9e2-4951-a134-a94696bd7a34_1000.jpg.1420x800.jpg,https://image1.ljcdn.com/x-se/hdic-frame/standard_1801b695-fbea-4e49-816d-53b318328460.png.1066x800.jpg,https://image1.ljcdn.com/110000-inspection/7dd58b15-a35b-4ef5-a366-83d95545960a_1000.jpg.1420x800.jpg,https://image1.ljcdn.com/110000-inspection/70116044-a4bf-4cb9-9151-48157d37b62a_1000.jpg.1420x800.jpg,https://image1.ljcdn.com/110000-inspection/d5971dde-2e2d-4529-91b2-bdbb5cb7e0aa_1000.jpg.1420x800.jpg,https://image1.ljcdn.com/110000-inspection/e3ad7589-97d7-402f-8cc4-89b11819942b_1000.jpg.1420x800.jpg",无,2018-06-25,一梯两户,有抵押173万元农业银行业主自还,非共有,2021-06-14,,精装,568,6,商品房,47994
174.93,,新康园,北 南,中楼层 (共24层),集中供暖,新康园南北通透三居室，电梯复式，满五年诚心出售_北京海淀西三旗新康园二手房(北京链家),,101111975357,4室0厅1厨3卫,普通住宅,满五年,,"https://image1.ljcdn.com/110000-inspection/prod-bd4044bf-ac02-4072-b212-75e0014edf90.jpg.1420x800.jpg,https://image1.ljcdn.com/110000-inspection/prod-adc6ee02-7740-4a97-a502-e84a0f626b38.jpg.1420x800.jpg,https://image1.ljcdn.com/x-se/hdic-frame/prod-8d18a34e-c169-4c91-8f31-08747f1cc6d5.png.1066x800.jpg,https://image1.ljcdn.com/110000-inspection/prod-1c105648-a3fd-4d3d-ab18-dc62c1b49529.jpg.1420x800.jpg,https://image1.ljcdn.com/110000-inspection/prod-f390ea85-01a7-4a14-868e-44ec6357cffe.jpg.1420x800.jpg,https://image1.ljcdn.com/110000-inspection/prod-72ca5e4c-53b0-4b0b-b6fd-b2e615de757a.jpg.1420x800.jpg,https://image1.ljcdn.com/110000-inspection/prod-200cabdd-b0cd-4ced-8d8e-3b3b8fa762f3.jpg.1420x800.jpg,https://image1.ljcdn.com/110000-inspection/prod-849a2f55-30a0-4704-9a94-a70969b7c9be.jpg.1420x800.jpg,https://image1.ljcdn.com/110000-inspection/prod-560a766b-9289-49ee-b7c9-5f4a1f56a5db.jpg.1420x800.jpg",有,2009-10-13,四梯十六户,有抵押30万元银行房贷客户偿还,非共有,2021-06-18,,简装,680,24,商品房,38873
147.47,,宣颐家园,南 北,高楼层 (共7层),自供暖,带电梯，复式，空中别墅，满五唯一_北京大兴旧宫宣颐家园二手房(北京链家),,101111974670,4室1厅1厨2卫,普通住宅,满五年,,"https://image1.ljcdn.com/110000-inspection/pc0_KsMhdwdm3_1.jpg.1420x800.jpg,https://image1.ljcdn.com/110000-inspection/pc0_8qxPYQPql_1.jpg.1420x800.jpg,https://image1.ljcdn.com/x-se/hdic-frame/standard_28a9e18a-80dc-478a-ab97-772a9e0beef0.png.1066x800.jpg,https://image1.ljcdn.com/110000-inspection/pc0_b4eZuCzks.jpg.1420x800.jpg,https://image1.ljcdn.com/110000-inspection/837039a8-f8b3-4948-a8ce-e6edaa5b2bc2_1000.jpg.1420x800.jpg,https://image1.ljcdn.com/110000-inspection/pc0_SNumqVJDI_1.jpg.1420x800.jpg,https://image1.ljcdn.com/110000-inspection/pc0_YohsPUEIZ_1.jpg.1420x800.jpg,https://image1.ljcdn.com/110000-inspection/pc0_6V7j2c1o0.jpg.1420x800.jpg,https://image1.ljcdn.com/110000-inspection/pc0_e8xhBfz6O_1.jpg.1420x800.jpg",有,2005-05-08,一梯三户,无抵押,非共有,2021-06-18,,简装,698,7,私产,47332
78.96,,双玉中街43号院,南 北,顶层 (共6层),集中供暖,双玉中街43号院南北3室1厅1厨1卫全明格局看房方便_北京东城左安门双玉中街43号院二手房(北京链家),,101111970308,3室1厅1厨1卫,普通住宅,满五年,,"https://image1.ljcdn.com/110000-inspection/d161196b-cf22-48c7-8fff-6adae82d835f_1000.jpg.1420x800.jpg,https://image1.ljcdn.com/110000-inspection/e87ab00d-5132-4e55-9149-d648047194ef_1000.jpg.1420x800.jpg,https://image1.ljcdn.com/x-se/hdic-frame/standard_6e885829-fee1-4287-9015-42995f534405.png.1066x800.jpg,https://image1.ljcdn.com/110000-inspection/pc0_dgGbJ6rLB_1.jpg.1420x800.jpg,https://image1.ljcdn.com/110000-inspection/pc0_EyBULlbIV_1.jpg.1420x800.jpg,https://image1.ljcdn.com/110000-inspection/pc0_QvAA5PWyO_1.jpg.1420x800.jpg,https://image1.ljcdn.com/110000-inspection/pc0_VcvsJfrw0_1.jpg.1420x800.jpg",无,1999-07-06,一梯两户,无抵押,非共有,2021-06-18,,简装,780,6,已购公房,98785
134.03,,银枫家园,东南 西北,高楼层 (共10层),自供暖,银枫家园经典三居室，精装修，拎包入住_北京朝阳大山子银枫家园二手房(北京链家),,101111939177,3室2厅1厨2卫,普通住宅,满两年,,"https://image1.ljcdn.com/110000-inspection/pc0_AQhz2FaPi_1.jpg.1420x800.jpg,https://image1.ljcdn.com/110000-inspection/pc0_Z9Y5JDa0k_1.jpg.1420x800.jpg,https://image1.ljcdn.com/x-se/hdic-frame/standard_b194ffbb-5048-445a-b240-5ce199ffcd21.png.1066x800.jpg,https://image1.ljcdn.com/110000-inspection/pc0_Wm9QEV8WO_1.jpg.1420x800.jpg,https://image1.ljcdn.com/110000-inspection/pc0_gW60l92Rq_1.jpg.1420x800.jpg,https://image1.ljcdn.com/110000-inspection/pc0_lOKTUaDXt_1.jpg.1420x800.jpg,https://image1.ljcdn.com/110000-inspection/pc0_IiwpAoqHO_1.jpg.1420x800.jpg",有,2016-10-09,一梯三户,无抵押,非共有,2021-06-15,,精装,850,10,商品房,63419
58.9,48.84,朗琴园,东,中楼层 (共28层),自供暖,朗琴园正规一室一厅诚心出售_北京西城广安门朗琴园二手房(北京链家),,101111987931,1室1厅1厨1卫,普通住宅,满五年,,"https://image1.ljcdn.com/110000-inspection/pc0_l59WxZuC6_1.jpg.1420x800.jpg,https://image1.ljcdn.com/110000-inspection/pc0_XC2GmuBdi_1.jpg.1420x800.jpg,https://image1.ljcdn.com/x-se/hdic-frame/standard_bdca4997-8a4a-4101-a112-5f07c0994aa6.png.1066x800.jpg,https://image1.ljcdn.com/110000-inspection/pc0_am5qn1EXo_1.jpg.1420x800.jpg,https://image1.ljcdn.com/110000-inspection/pc0_PYElPqxPE_1.jpg.1420x800.jpg,https://image1.ljcdn.com/110000-inspection/pc0_jeTrOOPkH_1.jpg.1420x800.jpg,https://image1.ljcdn.com/110000-inspection/pc0_8CZPX75T2_1.jpg.1420x800.jpg",有,2008-02-02,三梯八户,无抵押,非共有,2021-06-19,,精装,780,28,商品房,132428
99.68,80.49,民岳家园,东南,中楼层 (共23层),集中供暖,民岳家园东南向两居室客厅带落地飘窗_北京丰台岳各庄民岳家园二手房(北京链家),,101111979178,2室1厅1厨1卫,普通住宅,满五年,,"https://image1.ljcdn.com/110000-inspection/pc0_RfpVbuQF7_1.jpg.1420x800.jpg,https://image1.ljcdn.com/110000-inspection/pc0_ELIORMjx4_1.jpg.1420x800.jpg,https://image1.ljcdn.com/x-se/hdic-frame/standard_9d8cc5c5-f7ea-445b-a021-5240399a2653.png.1066x800.jpg,https://image1.ljcdn.com/110000-inspection/pc0_SP4Nzm08F_1.jpg.1420x800.jpg,https://image1.ljcdn.com/110000-inspection/pc0_pxYft5njV_1.jpg.1420x800.jpg,https://image1.ljcdn.com/110000-inspection/pc0_deQbJ5vVb.jpg.1420x800.jpg,https://image1.ljcdn.com/110000-inspection/pc0_zBzLOxt3E_1.jpg.1420x800.jpg",有,2009-08-19,三梯十户,无抵押,非共有,2021-06-18,,简装,505,23,二类经济适用房,50663
89.84,74.91,金色漫香林一期,南 北,中楼层 (共6层),集中供暖,东南北边户型，保持干净，看房预约！_北京大兴亦庄金色漫香林一期二手房(北京链家),,101111985388,2室2厅1厨1卫,普通住宅,满五年,,"https://image1.ljcdn.com/110000-inspection/pc0_XYJlD54yl_1.jpg.1420x800.jpg,https://image1.ljcdn.com/110000-inspection/pc0_fIZUVWjbp_1.jpg.1420x800.jpg,https://image1.ljcdn.com/x-se/hdic-frame/standard_1d66146c-c69a-42c2-8998-07c77cc6704e.png.1066x800.jpg,https://image1.ljcdn.com/110000-inspection/pc0_XDhPVJOmJ_1.jpg.1420x800.jpg,https://image1.ljcdn.com/110000-inspection/pc0_IuwEWD66k_1.jpg.1420x800.jpg,https://image1.ljcdn.com/110000-inspection/pc0_HERcmycWb_1.jpg.1420x800.jpg,https://image1.ljcdn.com/110000-inspection/pc0_taq7cvBIu_1.jpg.1420x800.jpg",有,2011-08-31,一梯两户,有抵押20万元银行客户偿还,共有,2021-06-19,,精装,465,6,商品房,51759
90.5,,环山村,南 北,顶层 (共6层),集中供暖,此房满五年业主家庭唯一住宅正规三居室位置安静_北京海淀海淀北部新区环山村二手房(北京链家),,101111947153,3室1厅1厨1卫,普通住宅,满五年,,"https://image1.ljcdn.com/110000-inspection/pc0_ueE8Fiv9M_1.jpg.1420x800.jpg,https://image1.ljcdn.com/110000-inspection/pc0_CNcpFhlqX_1.jpg.1420x800.jpg,https://image1.ljcdn.com/x-se/hdic-frame/standard_482d08ea-513f-4c91-b6a0-ac9fd070d917.png.1066x800.jpg,https://image1.ljcdn.com/110000-inspection/pc0_baQG3pMhi_1.jpg.1420x800.jpg,https://image1.ljcdn.com/110000-inspection/pc0_jWbmaIDec_1.jpg.1420x800.jpg,https://image1.ljcdn.com/110000-inspection/pc0_T8gpGeBYg_1.jpg.1420x800.jpg,https://image1.ljcdn.com/110000-inspection/pc0_01rf7idvO_1.jpg.1420x800.jpg,https://image1.ljcdn.com/110000-inspection/pc0_XiEaDFIWQ_1.jpg.1420x800.jpg",暂无数据,2010-01-15,一梯一户,无抵押,非共有,2021-06-16,,简装,450,6,商品房,49724
69.1,,南三环中路71号院,南 北,中楼层 (共6层),集中供暖,南三环中路71号院满五唯一精装修随时可看_北京丰台洋桥南三环中路71号院二手房(北京链家),,101111956893,2室1厅1厨1卫,普通住宅,满五年,,"https://image1.ljcdn.com/110000-inspection/6874e21e-197f-4c24-9c2c-2e44fec53d90_1000.jpg.1420x800.jpg,https://image1.ljcdn.com/110000-inspection/pc0_Tq682EE8K_1.jpg.1420x800.jpg,https://image1.ljcdn.com/x-se/hdic-frame/standard_cb492a19-31c7-407f-b15c-c0f8432c9be9.png.1066x800.jpg,https://image1.ljcdn.com/110000-inspection/pc0_VJTLmBVeY_1.jpg.1420x800.jpg,https://image1.ljcdn.com/110000-inspection/pc0_POhw0IAMv_1.jpg.1420x800.jpg,https://image1.ljcdn.com/110000-inspection/pc0_CoOja182c_1.jpg.1420x800.jpg,https://image1.ljcdn.com/110000-inspection/pc0_EnkNDesMN_1.jpg.1420x800.jpg,https://image1.ljcdn.com/110000-inspection/0ca3438e-abc4-49d4-859a-d1a17e3e5731_1000.jpg.1420x800.jpg",无,2002-08-19,一梯两户,无抵押,非共有,2021-06-16,,精装,428,6,已购公房,61940
