area_total,area_use,community_name,direction,floor,heating_method,house_name,house_property,house_record,house_type,house_usage,house_years,images,images_urls,is_left,last_trade_time,left_rate,pawn,property_own,release_date,structure,sub_info,total_amount,total_floors,trade_property,unit_price
80.72,71.61,格瑞雅居,南 北,高楼层 (共6层),集中供暖,格瑞雅居南北向精装2居满五年随时看房！_北京通州九棵树(家乐福)格瑞雅居二手房(北京链家),,101111964893,2室2厅1厨1卫,普通住宅,满五年,,"https://image1.ljcdn.com/110000-inspection/023272f1-7b11-4fcb-91ce-fd152cf6fe18.jpg.1420x800.jpg,https://image1.ljcdn.com/110000-inspection/pc1_Uq0D0DPTW_1.jpg.1420x800.jpg,https://image1.ljcdn.com/110000-inspection/21ef087e-c5d2-470f-a121-1ceeec390b0a.jpg.1420x800.jpg,https://image1.ljcdn.com/x-se/hdic-frame/standard_1b8711c5-ff7c-4f7a-bff2-e5b10fca9593.png.1066x800.jpg,https://image1.ljcdn.com/110000-inspection/c270c9eb-9002-4896-be2f-83dff410e572.jpg.1420x800.jpg,https://image1.ljcdn.com/110000-inspection/9c631dcb-5f61-409f-933b-1822ff6f6abc.jpg.1420x800.jpg,https://image1.ljcdn.com/110000-inspection/f6fed975-5c62-4e0e-82b6-5e1f6294b0f2.jpg.1420x800.jpg,https://image1.ljcdn.com/110000-inspection/a561bcf1-874b-41f4-b594-5a3b98f3e53f.jpg.1420x800.jpg,https://image1.ljcdn.com/110000-inspection/62df7619-945f-4a07-81ea-074019bfcd3b.jpg.1420x800.jpg",无,2009-06-14,一梯三户,无抵押,非共有,2021-06-17,,精装,357,6,商品房,44227
61.4,,永安南里,南,中楼层 (共5层),集中供暖,东二环边社科院家属楼双南向2居室小区环境好有花园_北京朝阳建国门外永安南里二手房(北京链家),,101111939896,2室1厅1厨1卫,普通住宅,满五年,,"https://image1.ljcdn.com/110000-inspection/pc0_jAq57zFdk_2.jpg.1420x800.jpg,https://image1.ljcdn.com/110000-inspection/pc0_MaJHgIUSc_2.jpg.1420x800.jpg,https://image1.ljcdn.com/x-se/hdic-frame/standard_e8b74745-f19a-4163-840d-7d07e86115b1.png.1066x800.jpg,https://image1.ljcdn.com/110000-inspection/pc0_BFcUMUXBf_2.jpg.1420x800.jpg,https://image1.ljcdn.com/110000-inspection/pc0_ERMaPSbUQ_2.jpg.1420x800.jpg,https://image1.ljcdn.com/110000-inspection/pc0_xbX9JklYH_2.jpg.1420x800.jpg,https://image1.ljcdn.com/110000-inspection/pc0_QoAPfyYuq_2.jpg.1420x800.jpg",无,2002-10-25,一梯三户,无抵押,非共有,2021-06-15,,精装,520,5,央产房,84691
111.87,,北苑家园茉藜园,东南 北,低楼层 (共25层),集中供暖,北苑家园茉藜园，全明格局，满五唯一_北京朝阳北苑北苑家园茉藜园二手房(北京链家),,101111923987,2室1厅1厨2卫,普通住宅,满五年,,"https://image1.ljcdn.com/110000-inspection/pc0_JMtUxCjGK_1.jpg.1420x800.jpg,https://image1.ljcdn.com/110000-inspection/pc0_ICCfAaXjd_1.jpg.1420x800.jpg,https://image1.ljcdn.com/x-se/hdic-frame/standard_c9c95329-fea0-439c-8b6d-eb2aa8b77f0e.png.1066x800.jpg,https://image1.ljcdn.com/110000-inspection/pc0_whHtrE6nR_1.jpg.1420x800.jpg,https://image1.ljcdn.com/110000-inspection/pc0_H1dtZiq5L_1.jpg.1420x800.jpg,https://image1.ljcdn.com/110000-inspection/pc0_lJCI0egZZ_1.jpg.1420x800.jpg,https://image1.ljcdn.com/110000-inspection/pc0_c9HZtF4g9_1.jpg.1420x800.jpg",有,2004-06-29,三梯八户,无抵押,非共有,2021-06-13,,简装,570,25,商品房,50952
75.66,59.1,裕祥花园,南 北,高楼层 (共6层),集中供暖,裕祥花园，二期，南北朝向，采光好_北京顺义后沙峪裕祥花园二手房(北京链家),,101108232629,2室1厅1厨1卫,普通住宅,满五年,,"https://image1.ljcdn.com/110000-inspection/a8200024-11ac-4168-a004-919a3d68322f.jpg.1420x800.jpg,https://image1.ljcdn.com/110000-inspection/pc1_lxVJPXnia.jpg.1420x800.jpg,https://image1.ljcdn.com/110000-inspection/6f3b80df-0aa5-4f2e-92aa-5e68b8201a07.jpg.1420x800.jpg,https://image1.ljcdn.com/x-se/hdic-frame/standard_82102b0f-7b71-4ee7-b8b1-f6ff3adf2f4e.png.1066x800.jpg,https://image1.ljcdn.com/110000-inspection/907ea8fc-1180-4d7c-bffb-5952ad7d3af2.jpg.1420x800.jpg,https://image1.ljcdn.com/110000-inspection/444b40b0-68fa-4fec-acf3-a7fdb3c11213.jpg.1420x800.jpg,https://image1.ljcdn.com/110000-inspection/4ee5e9ea-d532-4ee5-98ac-ec952ca4de5d.jpg.1420x800.jpg",无,2010-09-03,一梯两户,有抵押50万元建设银行客户偿还,非共有,2020-06-26,,精装,296,6,商品房,39123
55.84,,中海苏黎世家,西 东,低楼层 (共11层),集中供暖,中海苏黎世家花园洋房精装一居室_北京丰台科技园区中海苏黎世家二手房(北京链家),,101111344451,1室1厅1厨1卫,普通住宅,满两年,,"https://image1.ljcdn.com/110000-inspection/prod-f56cd8ba-8fbb-43f9-a2d8-be18ed01b4b7.jpg.1420x800.jpg,https://image1.ljcdn.com/110000-inspection/prod-7e66bd25-79d4-4fd8-9244-b4eed62a662a.jpg.1420x800.jpg,https://image1.ljcdn.com/110000-inspection/prod-e23e54bb-5b52-433d-bf7a-468771230917.jpg.1420x800.jpg,https://image1.ljcdn.com/x-se/hdic-frame/prod-5940aa43-d1e0-4bd9-b213-a0b754ac4a37.png.1066x800.jpg,https://image1.ljcdn.com/110000-inspection/prod-6498a4a5-14a7-445d-892a-0a46ad64e353.jpg.1420x800.jpg,https://image1.ljcdn.com/110000-inspection/prod-74986215-b8eb-4e89-944f-0f9cfa24912e.jpg.1420x800.jpg",有,2016-09-28,一梯三户,无抵押,非共有,2021-04-25,,精装,394,11,商品房,70559
71.2,,五里店南里,南 西 北,顶层 (共6层),集中供暖,五里店南里精装大2居，看房方便，诚心出售，_北京丰台五里店五里店南里二手房(北京链家),,101111128632,2室1厅1厨1卫,普通住宅,满五年,,"https://image1.ljcdn.com/110000-inspection/08558949-c1f1-4c13-9fce-36e714825045.jpg.1420x800.jpg,https://image1.ljcdn.com/110000-inspection/pc1_Nlr1IoicC_1.jpg.1420x800.jpg,https://image1.ljcdn.com/110000-inspection/pc0_KbatumSsy_1.jpg.1420x800.jpg,https://image1.ljcdn.com/x-se/hdic-frame/standard_0173ebac-1e2e-4fcf-b894-4881af033d4c.png.1066x800.jpg,https://image1.ljcdn.com/110000-inspection/pc0_bgZ8nTT3T_1.jpg.1420x800.jpg,https://image1.ljcdn.com/110000-inspection/pc0_fVMOT7hZw_2.jpg.1420x800.jpg,https://image1.ljcdn.com/110000-inspection/71f25c87-dfa0-40cc-abf7-a18182ca57f0.jpg.1420x800.jpg",无,2001-03-29,一梯五户,无抵押,非共有,2021-04-07,,精装,285,6,已购公房,40029
72.65,50.74,双裕小区,南 北,顶层 (共5层),集中供暖,双裕小区精装修两居室南北通透业主诚心出售_北京顺义后沙峪双裕小区二手房(北京链家),,101109448232,2室1厅1厨1卫,普通住宅,满五年,,"https://image1.ljcdn.com/110000-inspection/16d3442c-1a39-484a-8379-c6b8226fc283.jpg.1420x800.jpg,https://image1.ljcdn.com/110000-inspection/pc1_ier1OdiBw.jpg.1420x800.jpg,https://image1.ljcdn.com/110000-inspection/pc0_aLYU7ZnF8.jpg.1420x800.jpg,https://image1.ljcdn.com/x-se/hdic-frame/standard_5e45e29b-4f4b-4b30-8a93-0221f21c1cb6.png.1066x800.jpg,https://image1.ljcdn.com/110000-inspection/af83d7fa-a939-429c-80bd-14fb10d15549.jpg.1420x800.jpg,https://image1.ljcdn.com/110000-inspection/11533edf-eed7-414f-a976-161b03586b8e.jpg.1420x800.jpg,https://image1.ljcdn.com/110000-inspection/8113e56b-c577-4220-99e5-c95813b770cc.jpg.1420x800.jpg",无,2015-11-06,一梯三户,有抵押90万元客户偿还,共有,2020-10-09,,精装,275,5,商品房,37853
242.25,227.9,翡翠城五期,南 北,底层 (共3层),自供暖,翡翠城五期排别墅地上3层东边一户_北京大兴高米店翡翠城五期二手房(北京链家),,101111889763,4室2厅1厨3卫,普通住宅,满五年,,"https://image1.ljcdn.com/110000-inspection/apc_143v0j7u7_1.jpg.1420x800.jpg,https://image1.ljcdn.com/110000-inspection/pc0_icKZ6HMmj_2.jpg.1420x800.jpg,https://image1.ljcdn.com/x-se/hdic-frame/standard_aa432fd7-0beb-42aa-81b0-a4cdf1624fb2.png.1066x800.jpg,https://image1.ljcdn.com/110000-inspection/pc0_Djam7jQpO_3.jpg.1420x800.jpg,https://image1.ljcdn.com/110000-inspection/pc0_vajPDVzmH_2.jpg.1420x800.jpg,https://image1.ljcdn.com/110000-inspection/apc_KNdX4Wxmy_1.jpg.1420x800.jpg,https://image1.ljcdn.com/110000-inspection/pc0_CqZRRC92Y_2.jpg.1420x800.jpg,https://image1.ljcdn.com/110000-inspection/pc0_N09mUbkeC_2.jpg.1420x800.jpg,https://image1.ljcdn.com/110000-inspection/pc0_07PE4IljS_2.jpg.1420x800.jpg,https://image1.ljcdn.com/110000-inspection/pc0_hchDRj6g4_2.jpg.1420x800.jpg,https://image1.ljcdn.com/110000-inspection/pc0_kZWYYhGwm_2.jpg.1420x800.jpg,https://image1.ljcdn.com/110000-inspection/pc0_96PzpJDzm_2.jpg.1420x800.jpg",无,2007-08-08,一梯六户,有抵押765万元兴业银行客户偿还,非共有,2021-06-10,,精装,1430,3,商品房,59030
79.74,,东方银座,南,高楼层 (共26层),集中供暖,东城商品房，楼层好，视野开阔，采光好，原购房价高_北京东城东直门东方银座二手房(北京链家),,101110902992,1室1厅1厨1卫,公寓/公寓,满两年,,"https://image1.ljcdn.com/110000-inspection/8c059321-87ee-4bb5-b8b8-6442c88b1354.jpg.1420x800.jpg,https://image1.ljcdn.com/110000-inspection/8991c992-c952-4172-b148-a85dcbcb78ba.jpg.1420x800.jpg,https://image1.ljcdn.com/110000-inspection/39865c8d-97e9-4a11-ab11-c5bad603a2fa.jpg.1420x800.jpg,https://image1.ljcdn.com/x-se/hdic-frame/prod-b39056fd-b7cb-4111-9d03-fc2d3ac352b2.png.1066x800.jpg,https://image1.ljcdn.com/110000-inspection/a542e493-a856-4a5c-89b9-ced47e911d8f.jpg.1420x800.jpg,https://image1.ljcdn.com/110000-inspection/76f675d9-12b1-487c-9a82-73f4567a2f7f.jpg.1420x800.jpg,https://image1.ljcdn.com/110000-inspection/4bc8f4b8-f7e3-4096-a647-f360e1a36c5a.jpg.1420x800.jpg",有,2017-01-09,三梯八户,有抵押180万元,非共有,2021-03-20,,精装,695,26,商品房,87159
97.83,,枣营南里,南 北,底层 (共6层),集中供暖,枣营南里南北通透三居室大客厅明厅楼龄1997年_北京朝阳农展馆枣营南里二手房(北京链家),,101111947354,3室1厅1厨1卫,普通住宅,满五年,,"https://image1.ljcdn.com/110000-inspection/pc0_7fyiDTNhL_1.jpg.1420x800.jpg,https://image1.ljcdn.com/110000-inspection/pc0_o4Lh6CRsV_1.jpg.1420x800.jpg,https://image1.ljcdn.com/x-se/hdic-frame/standard_b5e42214-23de-46cd-94b0-ad6f95ae4635.png.1066x800.jpg,https://image1.ljcdn.com/110000-inspection/pc0_c3T7HbhNo_1.jpg.1420x800.jpg,https://image1.ljcdn.com/110000-inspection/pc0_o8AsRiOEu_1.jpg.1420x800.jpg,https://image1.ljcdn.com/110000-inspection/pc0_lQijKwy6r_1.jpg.1420x800.jpg,https://image1.ljcdn.com/110000-inspection/pc0_SU3rZelzd_1.jpg.1420x800.jpg,https://image1.ljcdn.com/110000-inspection/pc0_NB2TbcFea_1.jpg.1420x800.jpg,https://image1.ljcdn.com/110000-inspection/pc0_XeaMZ0knY_1.jpg.1420x800.jpg,https://image1.ljcdn.com/110000-inspection/pc0_X9nuiv55C_1.jpg.1420x800.jpg,https://image1.ljcdn.com/110000-inspection/pc0_BzN4dvBy0_1.jpg.1420x800.jpg,https://image1.ljcdn.com/110000-inspection/pc0_E5V2Yp2WA_1.jpg.1420x800.jpg",无,1998-08-08,一梯两户,无抵押,非共有,2021-06-16,,简装,700,6,已购公房,71553
91.37,81.68,富源里,南 北,中楼层 (共6层),集中供暖,富源里2室1厅南北_北京亦庄开发区亦庄富源里二手房(北京链家),,101111932002,2室1厅1厨1卫,普通住宅,满五年,,"https://image1.ljcdn.com/110000-inspection/pc0_rbk4gCEXu_1.jpg.1420x800.jpg,https://image1.ljcdn.com/110000-inspection/pc0_hZ6bWqF6u_1.jpg.1420x800.jpg,https://image1.ljcdn.com/x-se/hdic-frame/standard_5675cd66-48cf-4474-8021-5e34ad6eb909.png.1066x800.jpg,https://image1.ljcdn.com/110000-inspection/pc0_rA3TioolP_1.jpg.1420x800.jpg,https://image1.ljcdn.com/110000-inspection/pc0_92aNjXgWB_1.jpg.1420x800.jpg,https://image1.ljcdn.com/110000-inspection/pc0_XhNTb8Ql9_1.jpg.1420x800.jpg,https://image1.ljcdn.com/110000-inspection/2126d503-0fc8-48fa-8a2b-fdee5ca10b15.jpg.1420x800.jpg",无,2010-12-03,一梯两户,无抵押,非共有,2021-06-14,,简装,490,6,商品房,53629
56.58,,博龙家园,北,高楼层 (共19层),集中供暖,玉泉路地铁南博龙家园满五唯一商品房社区户型方正_北京丰台青塔博龙家园二手房(北京链家),,101111514688,1室1厅1厨1卫,普通住宅,满五年,,"https://image1.ljcdn.com/110000-inspection/c573288e-ad1d-463c-bb40-88a82a06aa71.jpg.1420x800.jpg,https://image1.ljcdn.com/110000-inspection/pc1_d9H3Visxo_1.jpg.1420x800.jpg,https://image1.ljcdn.com/110000-inspection/a147e900-e946-4c7e-94dc-7864b6b3e1ee.jpg.1420x800.jpg,https://image1.ljcdn.com/x-se/hdic-frame/standard_f8eb2b94-9279-4405-aaa4-20e3d6e7247f.png.1066x800.jpg,https://image1.ljcdn.com/110000-inspection/5421c98a-15e1-4113-b8ad-d678d7cb3318.jpg.1420x800.jpg,https://image1.ljcdn.com/110000-inspection/75e75023-9834-4441-ba8b-29628c23be86.jpg.1420x800.jpg,https://image1.ljcdn.com/110000-inspection/449aabb8-2f48-4f4b-bc59-63f69fc43c3c.jpg.1420x800.jpg",有,2013-11-12,两梯八户,无抵押,非共有,2021-05-08,,精装,308,19,商品房,54437
56.92,44.91,新通国际花园,东,低楼层 (共28层),集中供暖,新通国际花园东向开间，精装修，公立幼儿园人车分流_北京通州梨园新通国际花园二手房(北京链家),,101110239427,1室0厅1厨1卫,普通住宅,满两年,,"https://image1.ljcdn.com/110000-inspection/61b1434a-dac1-4036-aa84-228454811980.jpg.1420x800.jpg,https://image1.ljcdn.com/110000-inspection/pc1_C2I9EqA0N.jpg.1420x800.jpg,https://image1.ljcdn.com/110000-inspection/3ccfd93e-a613-4abd-bf92-b310131f1fc5.jpg.1420x800.jpg,https://image1.ljcdn.com/x-se/hdic-frame/standard_cf7b2049-0fbd-44ce-9555-6313ab38ce8e.png.1066x800.jpg,https://image1.ljcdn.com/110000-inspection/a3a1903a-1d8b-4174-9434-76197678988f.jpg.1420x800.jpg",有,2016-07-26,一梯四户,有抵押110万元北京银行,非共有,2021-01-02,,简装,239,28,商品房,41989
79.34,68.74,长丰园一区,南 北,中楼层 (共6层),集中供暖,长丰园一区，南北通透，户型房子，采光好。_北京大兴科技园区长丰园一区二手房(北京链家),,101104861225,2室1厅1厨1卫,普通住宅,满两年,,"https://image1.ljcdn.com/110000-inspection/prod-409d9d06-9eb4-46ba-838f-c38ba360745b.jpg.1420x800.jpg,https://image1.ljcdn.com/110000-inspection/prod-01d21c3b-93e2-41fa-b888-f6aee02dab4b.jpg.1420x800.jpg,https://image1.ljcdn.com/110000-inspection/prod-b2bec30a-e360-4990-ac11-9266150e6293.jpg.1420x800.jpg,https://image1.ljcdn.com/x-se/hdic-frame/prod-59cec50e-a511-46bb-8ac9-3b345c094b8f.png.1066x800.jpg,https://image1.ljcdn.com/110000-inspection/prod-b46536f1-d9ec-4013-a95b-9ae50d7d63e4.jpg.1420x800.jpg,https://image1.ljcdn.com/110000-inspection/prod-7a84b110-baa8-4ea6-a88c-e180ac4ef418.jpg.1420x800.jpg,https://image1.ljcdn.com/110000-inspection/prod-4c345bad-f06f-4b00-87f2-61356078a94a.jpg.1420x800.jpg",无,2017-04-14,一梯两户,无抵押,非共有,2019-06-03,,精装,274,6,商品房,34535
144.28,115.66,新起点嘉园,东 西 北,高楼层 (共20层),集中供暖,新起点购房总成本低三居，高层安静舒适，只有契税_北京海淀万柳新起点嘉园二手房(北京链家),,101111400163,3室2厅1厨2卫,普通住宅,满五年,,"https://image1.ljcdn.com/110000-inspection/56762f7e-e829-4158-a964-e2136ec5922a.jpg.1420x800.jpg,https://image1.ljcdn.com/110000-inspection/ab655346-56d4-4ada-9722-7b187ad80c6f_1000.jpg.1420x800.jpg,https://image1.ljcdn.com/110000-inspection/d5ec96b3-49dc-41ba-bcba-a58d4e37178c.jpg.1420x800.jpg,https://image1.ljcdn.com/x-se/hdic-frame/standard_8781817f-5927-4eb5-9518-c5a27e810f2c.png.1066x800.jpg,https://image1.ljcdn.com/110000-inspection/e314e60b-ae05-43e0-9012-0f6bffbb612e.jpg.1420x800.jpg,https://image1.ljcdn.com/110000-inspection/3bfcb000-911b-431e-aa78-f0be689b0171.jpg.1420x800.jpg,https://image1.ljcdn.com/110000-inspection/fbb0bfc6-7fb7-4f15-aec5-88094c0e1117.jpg.1420x800.jpg,https://image1.ljcdn.com/110000-inspection/8f8a5336-56ae-4dd1-a85c-3b69b1d599f6.jpg.1420x800.jpg,https://image1.ljcdn.com/110000-inspection/cd93c694-a0fa-46ea-9ce3-3d501b3ca228.jpg.1420x800.jpg,https://image1.ljcdn.com/110000-inspection/c40633cb-bba3-4bc3-a8aa-45a0eba569f9.jpg.1420x800.jpg",有,2015-01-14,三梯八户,有抵押130万元华夏银行业主自还,非共有,2021-04-29,,精装,1710,20,商品房,118520
137.57,,望京西园三区,南 北,低楼层 (共28层),自供暖,边户中间层满五年唯一商品房，户型好，采光视野无遮挡_北京朝阳望京望京西园三区二手房(北京链家),,101111872486,3室1厅1厨2卫,普通住宅,满五年,,"https://image1.ljcdn.com/110000-inspection/pc0_Xv9cZ8G0G_1.jpg.1420x800.jpg,https://image1.ljcdn.com/110000-inspection/pc0_hCdKEKvqD_1.jpg.1420x800.jpg,https://image1.ljcdn.com/x-se/hdic-frame/standard_65929c52-a0e8-4f09-8b9f-dddd00450870.png.1066x800.jpg,https://image1.ljcdn.com/110000-inspection/pc0_lYXJZ4pmz_1.jpg.1420x800.jpg,https://image1.ljcdn.com/110000-inspection/pc0_7otBaJ2cs_1.jpg.1420x800.jpg,https://image1.ljcdn.com/110000-inspection/pc0_OKEwveMOc_1.jpg.1420x800.jpg,https://image1.ljcdn.com/110000-inspection/pc0_X21M9P0ep_1.jpg.1420x800.jpg,https://image1.ljcdn.com/110000-inspection/pc0_F70JeMBqA_1.jpg.1420x800.jpg,https://image1.ljcdn.com/110000-inspection/pc0_YpeVp5ecQ_1.jpg.1420x800.jpg,https://image1.ljcdn.com/110000-inspection/pc0_ULs8iRozE_1.jpg.1420x800.jpg,https://image1.ljcdn.com/110000-inspection/pc0_SYVTwayzP_1.jpg.1420x800.jpg",有,2011-03-30,三梯八户,无抵押,非共有,2021-06-09,,精装,960,28,商品房,69783
123.45,109.58,格瑞雅居,南 北,中楼层 (共6层),集中供暖,通州区，果园，格瑞雅居3居室。_北京通州九棵树(家乐福)格瑞雅居二手房(北京链家),,101109742506,3室1厅1厨2卫,普通住宅,满五年,,"https://image1.ljcdn.com/110000-inspection/b88400ce-47ac-48e5-a545-650b7d634b84.jpg.1420x800.jpg,https://image1.ljcdn.com/110000-inspection/pc1_OVRjC5CQ7_1.jpg.1420x800.jpg,https://image1.ljcdn.com/110000-inspection/3743c2eb-5309-453e-b414-d0b3988aa90b.jpg.1420x800.jpg,https://image1.ljcdn.com/x-se/hdic-frame/standard_c32b6ef6-d088-4d8d-9a14-2910791151b8.png.1066x800.jpg,https://image1.ljcdn.com/110000-inspection/b78c49cc-8c0d-4390-a87c-a00f61bd7a6d.jpg.1420x800.jpg,https://image1.ljcdn.com/110000-inspection/30c2ece7-1255-431e-a5e1-8877086c7a87.jpg.1420x800.jpg,https://image1.ljcdn.com/110000-inspection/pc0_1EYIo4hab_1.jpg.1420x800.jpg,https://image1.ljcdn.com/110000-inspection/pc0_dBEbCcZmW_1.jpg.1420x800.jpg,https://image1.ljcdn.com/110000-inspection/c0b7b218-cb2d-41f7-9a50-3be922a204b3.jpg.1420x800.jpg,https://image1.ljcdn.com/110000-inspection/5498c2eb-9922-4d6c-91e6-65e030118652.jpg.1420x800.jpg",无,2012-09-13,一梯两户,无抵押,共有,2020-11-06,,简装,555,6,商品房,44958
123.33,102.72,炫特嘉园二期,南 北,中楼层 (共9层),集中供暖,炫特嘉园南北通透三居室落地窗中间楼层_北京朝阳石佛营炫特嘉园二期二手房(北京链家),,101111929599,3室2厅1厨2卫,普通住宅,满五年,,"https://image1.ljcdn.com/110000-inspection/pc0_THJs7Mc3e_1.jpg.1420x800.jpg,https://image1.ljcdn.com/110000-inspection/pc0_Og7YMkbJO_1.jpg.1420x800.jpg,https://image1.ljcdn.com/x-se/hdic-frame/standard_b20f2c21-7905-4583-90e0-f7bac5604503.png.1066x800.jpg,https://image1.ljcdn.com/110000-inspection/pc0_sxZEDM21a_1.jpg.1420x800.jpg,https://image1.ljcdn.com/110000-inspection/pc0_5QZWSLoC7_1.jpg.1420x800.jpg,https://image1.ljcdn.com/110000-inspection/pc0_4JU9GN9yt_1.jpg.1420x800.jpg,https://image1.ljcdn.com/110000-inspection/pc0_SDpNzr874_1.jpg.1420x800.jpg,https://image1.ljcdn.com/110000-inspection/pc0_3FI9ApGSf_1.jpg.1420x800.jpg",有,2006-08-09,一梯两户,无抵押,非共有,2021-06-14,,精装,860,9,商品房,69732
60.13,,西罗园南里,东 南 北,低楼层 (共6层),集中供暖,西罗园南里3室1厅东南北_北京丰台西罗园西罗园南里二手房(北京链家),,101111938717,3室1厅1厨1卫,普通住宅,满五年,,"https://image1.ljcdn.com/110000-inspection/pc0_wXg9ky3AL_1.jpg.1420x800.jpg,https://image1.ljcdn.com/110000-inspection/pc0_Hra5v9oM0_1.jpg.1420x800.jpg,https://image1.ljcdn.com/x-se/hdic-frame/standard_56a0479b-0946-4987-a767-2f45eef19a40.png.1066x800.jpg,https://image1.ljcdn.com/110000-inspection/pc0_hZiis5L7X_1.jpg.1420x800.jpg,https://image1.ljcdn.com/110000-inspection/6a83e7c1-05a6-4552-b13e-6007815cef7a_1000.jpg.1420x800.jpg,https://image1.ljcdn.com/110000-inspection/a558c86b-c878-406c-9d6f-215bc3b297d4_1000.jpg.1420x800.jpg,https://image1.ljcdn.com/110000-inspection/pc0_pnG9QHRYw_1.jpg.1420x800.jpg",无,2014-01-23,一梯三户,无抵押,非共有,2021-06-15,,精装,350,6,已购公房,58208
60.72,,农光南路,东南,高楼层 (共18层),集中供暖,农光南路精装修东南两居高楼层采光视野好近地铁_北京朝阳劲松农光南路二手房(北京链家),,101111957390,2室1厅1厨1卫,普通住宅,满五年,,"https://image1.ljcdn.com/110000-inspection/pc0_HwVXDBHue_1.jpg.1420x800.jpg,https://image1.ljcdn.com/110000-inspection/pc0_LcOFKZ5b4_1.jpg.1420x800.jpg,https://image1.ljcdn.com/x-se/hdic-frame/standard_8207b867-7905-4ff5-b49b-12568fa6fcf7.png.1066x800.jpg,https://image1.ljcdn.com/110000-inspection/pc0_qwleaTRMS_1.jpg.1420x800.jpg,https://image1.ljcdn.com/110000-inspection/pc0_KWdEujZu8_1.jpg.1420x800.jpg,https://image1.ljcdn.com/110000-inspection/pc0_DxEerGKmT_1.jpg.1420x800.jpg,https://image1.ljcdn.com/110000-inspection/pc0_tCGp56Dah_1.jpg.1420x800.jpg",有,2004-12-28,两梯十户,无抵押,非共有,2021-06-17,,精装,365,18,已购公房,60112
149.08,129.06,珠江国际城八区,南 北,中楼层 (共8层),自供暖,珠江国际城八区电梯洋房一梯两户_北京通州潞苑珠江国际城八区二手房(北京链家),,101111978124,3室2厅1厨2卫,普通住宅,满两年,,"https://image1.ljcdn.com/110000-inspection/pc0_YeP9yGCf5_1.jpg.1420x800.jpg,https://image1.ljcdn.com/110000-inspection/pc0_5lkT6ILfO_1.jpg.1420x800.jpg,https://image1.ljcdn.com/x-se/hdic-frame/standard_8c0c279b-fddf-40fc-b935-009e634f1be5.png.1066x800.jpg,https://image1.ljcdn.com/110000-inspection/pc0_xyb6boSn0_1.jpg.1420x800.jpg,https://image1.ljcdn.com/110000-inspection/pc0_m0TTU6Lg3_1.jpg.1420x800.jpg,https://image1.ljcdn.com/110000-inspection/pc0_EuOXT1IQ2_1.jpg.1420x800.jpg,https://image1.ljcdn.com/110000-inspection/pc0_fZ01IX7MP_1.jpg.1420x800.jpg,https://image1.ljcdn.com/110000-inspection/pc0_P2BjDMzGq_1.jpg.1420x800.jpg,https://image1.ljcdn.com/110000-inspection/pc0_KJsf6QVt6_1.jpg.1420x800.jpg",有,2016-12-23,一梯两户,无抵押,非共有,2021-06-18,,精装,699,8,商品房,46888
118.35,107.44,和谐家园一区,南 北,低楼层 (共6层),自供暖,商品房，中间层，自住装修，随时签约_北京昌平回龙观和谐家园一区二手房(北京链家),,101111926026,3室1厅1厨1卫,普通住宅,满两年,,"https://image1.ljcdn.com/110000-inspection/ddb4d62d-7a33-43c6-81fc-285b6e986ebf_1000.jpg.1420x800.jpg,https://image1.ljcdn.com/110000-inspection/b701a907-c9e2-4951-a134-a94696bd7a34_1000.jpg.1420x800.jpg,https://image1.ljcdn.com/x-se/hdic-frame/standard_1801b695-fbea-4e49-816d-53b318328460.png.1066x800.jpg,https://image1.ljcdn.com/110000-inspection/7dd58b15-a35b-4ef5-a366-83d95545960a_1000.jpg.1420x800.jpg,https://image1.ljcdn.com/110000-inspection/70116044-a4bf-4cb9-9151-48157d37b62a_1000.jpg.1420x800.jpg,https://image1.ljcdn.com/110000-inspection/d5971dde-2e2d-4529-91b2-bdbb5cb7e0aa_1000.jpg.1420x800.jpg,https://image1.ljcdn.com/110000-inspection/e3ad7589-97d7-402f-8cc4-89b11819942b_1000.jpg.1420x800.jpg",无,2018-06-25,一梯两户,有抵押173万元农业银行业主自还,非共有,2021-06-14,,精装,568,6,商品房,47994
69.14,53.9,金隅丽景园,南,低楼层 (共28层),集中供暖,六号线常营商品房两居室户型方正_北京朝阳常营金隅丽景园二手房(北京链家),,101111930578,2室1厅1厨1卫,普通住宅,满两年,,"https://image1.ljcdn.com/110000-inspection/pc0_47WNqpNl0_1.jpg.1420x800.jpg,https://image1.ljcdn.com/110000-inspection/pc0_ML6Zyxt3c_1.jpg.1420x800.jpg,https://image1.ljcdn.com/x-se/hdic-frame/standard_9150e77f-58b9-42d0-93d8-c04884319b38.png.1066x800.jpg,https://image1.ljcdn.com/110000-inspection/pc0_d6nWDe2ot_1.jpg.1420x800.jpg,https://image1.ljcdn.com/110000-inspection/pc0_C2sRDYSnY_1.jpg.1420x800.jpg,https://image1.ljcdn.com/110000-inspection/pc0_ZCuxqSCsK_1.jpg.1420x800.jpg,https://image1.ljcdn.com/110000-inspection/pc0_Lz9mV3Omj_1.jpg.1420x800.jpg",有,2017-04-06,两梯八户,有抵押80万元公积金客户偿还,非共有,2021-06-14,,简装,399,28,商品房,57709
108.74,,UHN国际村,南 北,低楼层 (共28层),集中供暖,南北通透2居双卫对小区只有契税无遮挡_北京朝阳三元桥UHN国际村二手房(北京链家),,101111944331,2室1厅1厨2卫,普通住宅,满两年,,"https://image1.ljcdn.com/110000-inspection/pc0_FGsGLKwEn_2.jpg.1420x800.jpg,https://image1.ljcdn.com/110000-inspection/pc0_BHs1busYe_2.jpg.1420x800.jpg,https://image1.ljcdn.com/x-se/hdic-frame/standard_5406c6e7-1f35-4110-a8ec-50639a1d9378.png.1066x800.jpg,https://image1.ljcdn.com/110000-inspection/pc0_ZToCVUgUw_2.jpg.1420x800.jpg,https://image1.ljcdn.com/110000-inspection/pc0_nHqjhwKS4_2.jpg.1420x800.jpg,https://image1.ljcdn.com/110000-inspection/pc0_pLY8nNbx8_1.jpg.1420x800.jpg,https://image1.ljcdn.com/110000-inspection/pc0_tCJ1SspNq_2.jpg.1420x800.jpg,https://image1.ljcdn.com/110000-inspection/pc0_IbtCg2GRK_1.jpg.1420x800.jpg",有,2018-01-12,两梯两户,有抵押560万元招商银行客户偿还,非共有,2021-06-15,,精装,1080,28,商品房,99320
82.81,,邮科社区,东北,低楼层 (共18层),集中供暖,牡丹园邮科社区两居室临地铁公园楼龄新有电梯_北京海淀牡丹园邮科社区二手房(北京链家),,101111985615,2室1厅1厨1卫,普通住宅,满五年,,"https://image1.ljcdn.com/110000-inspection/pc0_lPmku8Vdq_1.jpg.1420x800.jpg,https://image1.ljcdn.com/110000-inspection/pc0_XUiy8nxUy_1.jpg.1420x800.jpg,https://image1.ljcdn.com/x-se/hdic-frame/standard_2dd69874-cfd1-4bbf-8c54-d555e3cb439a.png.1066x800.jpg,https://image1.ljcdn.com/110000-inspection/pc0_CeeP8LKS9_1.jpg.1420x800.jpg,https://image1.ljcdn.com/110000-inspection/pc0_rMbRC99Px_1.jpg.1420x800.jpg,https://image1.ljcdn.com/110000-inspection/pc0_k9jp6jK7E_1.jpg.1420x800.jpg",有,2000-12-28,两梯八户,无抵押,非共有,2021-06-19,,简装,885,18,央产房,106872
140.61,113.21,加州水郡三期,南 北,中楼层 (共14层),自供暖,加州水郡三期观人工湖好位置看房有钥匙_北京房山长阳加州水郡三期二手房(北京链家),,101111853987,3室2厅1厨2卫,普通住宅,满五年,,"https://image1.ljcdn.com/110000-inspection/pc1_BSTPyWCYT_1.jpg.1420x800.jpg,https://image1.ljcdn.com/110000-inspection/pc0_DF8hhiWHP_1.jpg.1420x800.jpg,https://image1.ljcdn.com/110000-inspection/pc0_QeRcTTZ6F_1.jpg.1420x800.jpg,https://image1.ljcdn.com/x-se/hdic-frame/standard_09a811d4-89e2-4ede-a840-1dd82b7772e2.png.1066x800.jpg,https://image1.ljcdn.com/110000-inspection/pc0_FKT8I7ZvO_1.jpg.1420x800.jpg,https://image1.ljcdn.com/110000-inspection/pc0_RGBUKucdT_1.jpg.1420x800.jpg,https://image1.ljcdn.com/110000-inspection/pc0_bOReKc5se_1.jpg.1420x800.jpg,https://image1.ljcdn.com/110000-inspection/pc0_lO79jP31d_1.jpg.1420x800.jpg,https://image1.ljcdn.com/110000-inspection/pc0_88podkqPh_1.jpg.1420x800.jpg,https://image1.ljcdn.com/110000-inspection/pc0_qr7vrCOzv_1.jpg.1420x800.jpg",有,2015-04-13,两梯两户,无抵押,非共有,2021-06-07,,精装,425,14,商品房,30226
57.9,,西罗园三区,西南,高楼层 (共12层),集中供暖,西罗园三区西南一居满五年诚心出售_北京丰台西罗园西罗园三区二手房(北京链家),,101111933567,1室1厅1厨1卫,普通住宅,满五年,,"https://image1.ljcdn.com/110000-inspection/pc0_GntgfaigJ_1.jpg.1420x800.jpg,https://image1.ljcdn.com/110000-inspection/pc0_Olt0szS30_1.jpg.1420x800.jpg,https://image1.ljcdn.com/x-se/hdic-frame/standard_9ea7c813-971d-4814-b030-1823a7351389.png.1066x800.jpg,https://image1.ljcdn.com/110000-inspection/pc0_vV3oZbQ1t_1.jpg.1420x800.jpg,https://image1.ljcdn.com/110000-inspection/pc0_Z23OW29Lx_1.jpg.1420x800.jpg",有,2016-01-27,两梯二十三户,无抵押,非共有,2021-06-14,,简装,255,12,已购公房,44042
61.31,,武圣东里,北 南,低楼层 (共6层),集中供暖,武圣东里小区南北通透两居室双卧朝南_北京朝阳劲松武圣东里二手房(北京链家),,101111905414,2室1厅1厨1卫,普通住宅,满五年,,"https://image1.ljcdn.com/110000-inspection/pc1_cRmjfzokI_1.jpg.1420x800.jpg,https://image1.ljcdn.com/110000-inspection/pc0_RoBmAhfBC_1.jpg.1420x800.jpg,https://image1.ljcdn.com/110000-inspection/pc0_39BUAzaZl_1.jpg.1420x800.jpg,https://image1.ljcdn.com/x-se/hdic-frame/standard_230a3176-e71b-4f00-86f4-3e313a95e451.png.1066x800.jpg,https://image1.ljcdn.com/110000-inspection/pc0_YS42ddkWp_1.jpg.1420x800.jpg,https://image1.ljcdn.com/110000-inspection/pc0_OqhoRdoAA_1.jpg.1420x800.jpg,https://image1.ljcdn.com/110000-inspection/pc0_BTSqkFmJG_1.jpg.1420x800.jpg,https://image1.ljcdn.com/110000-inspection/pc0_C6p9IY93Z_1.jpg.1420x800.jpg",无,1994-10-10,一梯两户,无抵押,非共有,2021-06-12,,精装,375,6,已购公房,61165
61.66,,蓝调沙龙东区,东 北,底层 (共11层),集中供暖,蓝调沙龙东区1室1厅东北_北京通州九棵树(家乐福)蓝调沙龙东区二手房(北京链家),,101111964267,1室1厅1厨1卫,普通住宅,满两年,,"https://image1.ljcdn.com/110000-inspection/767d51b4-451b-4a33-9a4f-91dac3bdb758_1000.jpg.1420x800.jpg,https://image1.ljcdn.com/110000-inspection/fae7bfde-3e66-480a-ae4f-2303b273bda4_1000.jpg.1420x800.jpg,https://image1.ljcdn.com/x-se/hdic-frame/standard_b0484524-75dc-458d-92a1-0847d43b18bd.png.1066x800.jpg,https://image1.ljcdn.com/110000-inspection/2f99bc44-3e28-4b10-9ae1-aee78cca1311_1000.jpg.1420x800.jpg,https://image1.ljcdn.com/110000-inspection/14ba85cb-24ab-4b23-9bed-8c7b296a71fe_1000.jpg.1420x800.jpg",有,2018-09-29,一梯四户,无抵押,非共有,2021-06-17,,精装,269,11,商品房,43627
102.09,,新华联家园南区,南 北,中楼层 (共7层),集中供暖,果园地铁南侧南北双卫两居全明户型小区中间位置有车位_北京通州果园新华联家园南区二手房(北京链家),,101111912069,2室2厅1厨2卫,普通住宅,满五年,,"https://image1.ljcdn.com/110000-inspection/517a9fdd-1bc6-49f7-b539-5b9ecd3726bf_1000.jpg.1420x800.jpg,https://image1.ljcdn.com/110000-inspection/a3fe84a8-ea90-4f18-8aab-2af0a59a14dd_1000.jpg.1420x800.jpg,https://image1.ljcdn.com/x-se/hdic-frame/standard_934da4cc-b414-495f-9965-8c86ad883dc7.png.1066x800.jpg,https://image1.ljcdn.com/110000-inspection/f938839b-81b7-4641-9954-daea45f05fb1_1000.jpg.1420x800.jpg,https://image1.ljcdn.com/110000-inspection/caac3889-96fc-4ef2-b7d0-34811f5415a9_1000.jpg.1420x800.jpg,https://image1.ljcdn.com/110000-inspection/4736286f-80de-4aea-8a27-329f2af1af72_1000.jpg.1420x800.jpg,https://image1.ljcdn.com/110000-inspection/40cbd511-7bfe-4451-a691-dbca70e9e8f0_1000.jpg.1420x800.jpg,https://image1.ljcdn.com/110000-inspection/b7bb688c-8413-4a4d-a960-b1bab3846206_1000.jpg.1420x800.jpg",无,2016-03-31,一梯两户,无抵押,非共有,2021-06-12,,精装,470,7,商品房,46038
89.63,70.87,首开国风美仑,南 北,低楼层 (共16层),集中供暖,南北通透三居，观花园，满五唯一_北京通州通州其它首开国风美仑二手房(北京链家),,101111911550,3室1厅1厨1卫,普通住宅,满五年,,"https://image1.ljcdn.com/110000-inspection/pc0_ZdRgReTu5_1.jpg.1420x800.jpg,https://image1.ljcdn.com/110000-inspection/pc0_hWVe9zOSz_1.jpg.1420x800.jpg,https://image1.ljcdn.com/x-se/hdic-frame/standard_71da2729-f015-4d51-987e-4d2b25fbf6f1.png.1066x800.jpg,https://image1.ljcdn.com/110000-inspection/pc0_HVutcGPNs_1.jpg.1420x800.jpg,https://image1.ljcdn.com/110000-inspection/pc0_mvIij1EXq_1.jpg.1420x800.jpg,https://image1.ljcdn.com/110000-inspection/pc0_1k4ndzlKg_1.jpg.1420x800.jpg,https://image1.ljcdn.com/110000-inspection/pc0_Pcp2XVRLR_1.jpg.1420x800.jpg",有,2016-02-19,两梯三户,有抵押40万元,非共有,2021-06-12,,简装,305,16,商品房,34029
68.2,,北太平庄路,西北,底层 (共14层),集中供暖,北太平庄路小三居户型方正采光好近地铁_北京海淀北太平庄北太平庄路二手房(北京链家),,101111877836,3室1厅1厨1卫,普通住宅,满五年,,"https://image1.ljcdn.com/110000-inspection/pc1_wCc1bciLU_1.jpg.1420x800.jpg,https://image1.ljcdn.com/110000-inspection/pc0_NIRsxffVX_1.jpg.1420x800.jpg,https://image1.ljcdn.com/110000-inspection/pc0_5c69YGjHT_1.jpg.1420x800.jpg,https://image1.ljcdn.com/x-se/hdic-frame/standard_0f6d49ac-d567-4b34-8d39-9f5fd3f4093d.png.1066x800.jpg,https://image1.ljcdn.com/110000-inspection/pc0_D1lccm5Rw_1.jpg.1420x800.jpg,https://image1.ljcdn.com/110000-inspection/pc0_u8gT1SJRM_1.jpg.1420x800.jpg,https://image1.ljcdn.com/110000-inspection/pc0_LLUGw1vET_1.jpg.1420x800.jpg,https://image1.ljcdn.com/110000-inspection/pc0_fPSaItTrr_1.jpg.1420x800.jpg",有,2006-04-29,两梯八户,无抵押,非共有,2021-06-09,,简装,649,14,已购公房,95162
137.69,113.84,九龙花园,东南,低楼层 (共22层),集中供暖,九龙花园后排不临街正对花园双卫设计餐客分离_北京朝阳双井九龙花园二手房(北京链家),,101111862501,2室2厅1厨2卫,普通住宅,满五年,,"https://image1.ljcdn.com/110000-inspection/pc1_LbZno8gSv_1.jpg.1420x800.jpg,https://image1.ljcdn.com/110000-inspection/pc0_RaKtob1mk_1.jpg.1420x800.jpg,https://image1.ljcdn.com/110000-inspection/pc0_3gveoYAdH_1.jpg.1420x800.jpg,https://image1.ljcdn.com/x-se/hdic-frame/standard_91020cde-555c-420f-a799-ef715721b5e3.png.1066x800.jpg,https://image1.ljcdn.com/110000-inspection/pc0_8i8TFGxx8_1.jpg.1420x800.jpg,https://image1.ljcdn.com/110000-inspection/pc0_s7tveZHly_1.jpg.1420x800.jpg,https://image1.ljcdn.com/110000-inspection/pc0_BremtH4ux_1.jpg.1420x800.jpg,https://image1.ljcdn.com/110000-inspection/pc0_u2twhNbB5_1.jpg.1420x800.jpg,https://image1.ljcdn.com/110000-inspection/pc0_INYgdkTqI_1.jpg.1420x800.jpg",有,2012-02-21,三梯十户,无抵押,非共有,2021-06-08,,精装,858,22,商品房,62314
57.08,,兴化路2号院,西南,高楼层 (共6层),集中供暖,建研院南院，东南向两居室楼龄新，看房方便_北京朝阳安贞兴化路2号院二手房(北京链家),,101111972516,2室1厅1厨1卫,普通住宅,满五年,,"https://image1.ljcdn.com/110000-inspection/pc1_BargWbVn6_1.jpg.1420x800.jpg,https://image1.ljcdn.com/110000-inspection/apc_idOeU9juP_1.jpg.1420x800.jpg,https://image1.ljcdn.com/110000-inspection/apc_aS0Z4TsiB_1.jpg.1420x800.jpg,https://image1.ljcdn.com/x-se/hdic-frame/standard_cf765412-d111-4f4a-b13f-4383e5c7c4e4.png.1066x800.jpg,https://image1.ljcdn.com/110000-inspection/apc_JttEEE8N3_1.jpg.1420x800.jpg,https://image1.ljcdn.com/110000-inspection/pc0_ghdy31iLp_1.jpg.1420x800.jpg,https://image1.ljcdn.com/110000-inspection/pc0_QzBGKwiOh_1.jpg.1420x800.jpg",无,2004-02-29,一梯四户,无抵押,非共有,2021-06-18,,精装,450,6,已购公房,78837
60.8,,安贞西里,南 北,低楼层 (共6层),集中供暖,文化部通透两居室下楼公园8号线安华桥站看房方便_北京朝阳安贞安贞西里二手房(北京链家),,101111957331,2室1厅1厨1卫,普通住宅,满两年,,"https://image1.ljcdn.com/110000-inspection/apc_KSbv84tMl_1.jpg.1420x800.jpg,https://image1.ljcdn.com/110000-inspection/pc0_ucocnOyJb_1.jpg.1420x800.jpg,https://image1.ljcdn.com/x-se/hdic-frame/standard_50b3fca8-d77b-4e51-ad5c-a400809f1ad5.png.1066x800.jpg,https://image1.ljcdn.com/110000-inspection/apc_gt1KjXybi_1.jpg.1420x800.jpg,https://image1.ljcdn.com/110000-inspection/pc0_t48I1Rba0_1.jpg.1420x800.jpg,https://image1.ljcdn.com/110000-inspection/pc0_r8DyxRyus_1.jpg.1420x800.jpg",无,2016-09-13,一梯两户,有抵押210万元,非共有,2021-06-17,,精装,535,6,商品房,87994
107.52,,西湖新村,南 北,中楼层 (共7层),集中供暖,西湖新村大两居，中间楼层，满五唯一，有钥匙_北京昌平北七家西湖新村二手房(北京链家),,101111907928,2室1厅1厨2卫,普通住宅,满五年,,"https://image1.ljcdn.com/110000-inspection/apc_I8N7eYP2J_1.jpg.1420x800.jpg,https://image1.ljcdn.com/110000-inspection/apc_6WYYqWQ7E_1.jpg.1420x800.jpg,https://image1.ljcdn.com/x-se/hdic-frame/standard_d28d1e65-569b-44b6-8a89-931498c982d6.png.1066x800.jpg,https://image1.ljcdn.com/110000-inspection/apc_QQqLqQjz7_1.jpg.1420x800.jpg,https://image1.ljcdn.com/110000-inspection/apc_XmRy4SXjJ_1.jpg.1420x800.jpg,https://image1.ljcdn.com/110000-inspection/pc0_vre0qepCm_1.jpg.1420x800.jpg,https://image1.ljcdn.com/110000-inspection/pc0_MIVm6CVl5_1.jpg.1420x800.jpg,https://image1.ljcdn.com/110000-inspection/pc0_vC9hHRojl_1.jpg.1420x800.jpg",无,2005-02-20,一梯两户,无抵押,非共有,2021-06-12,,简装,360,7,商品房,33483
89.52,81.24,义宾北区,东 西,高楼层 (共6层),集中供暖,业主诚心出售格局方正居住舒适看房提前预约_北京顺义顺义城义宾北区二手房(北京链家),,101111980547,3室1厅1厨1卫,普通住宅,满五年,,"https://image1.ljcdn.com/110000-inspection/prod-40910f86-9d5d-47ed-97bd-4a07a927574f.jpg.1420x800.jpg,https://image1.ljcdn.com/110000-inspection/prod-68bc2731-6932-459c-b796-1b40b483c784.jpg.1420x800.jpg,https://image1.ljcdn.com/110000-inspection/prod-69e9974a-ca6d-4631-8456-930754844a62.jpg.1420x800.jpg,https://image1.ljcdn.com/x-se/hdic-frame/prod-670cf90c-e541-49da-aae9-9a83d1c1aec3.png.1066x800.jpg,https://image1.ljcdn.com/110000-inspection/prod-83d87aa2-cf4c-4bdd-aecc-db802be83cdf.jpg.1420x800.jpg,https://image1.ljcdn.com/110000-inspection/prod-8a769d5f-a709-401a-864d-9043df4b0a83.jpg.1420x800.jpg,https://image1.ljcdn.com/110000-inspection/prod-0963effa-9b4b-45ac-9ddd-9a3f06a0ee69.jpg.1420x800.jpg",无,2013-04-22,一梯两户,无抵押,非共有,2021-06-19,,简装,275,6,商品房,30720
72.12,,福苑小区,南 北,顶层 (共6层),集中供暖,福苑小区，南北通透，满五唯一，户型方正_北京大兴大兴其它福苑小区二手房(北京链家),,101111958406,2室1厅1厨1卫,普通住宅,满五年,,"https://image1.ljcdn.com/110000-inspection/pc0_ZtskECQHk_2.jpg.1420x800.jpg,https://image1.ljcdn.com/110000-inspection/pc0_h2swV2jf5_2.jpg.1420x800.jpg,https://image1.ljcdn.com/x-se/hdic-frame/standard_2f12ea0f-baaf-4055-a051-e15a6329d439.png.1066x800.jpg,https://image1.ljcdn.com/110000-inspection/pc0_9epjHFUaZ_2.jpg.1420x800.jpg,https://image1.ljcdn.com/110000-inspection/pc0_FfP7l8fsg_2.jpg.1420x800.jpg,https://image1.ljcdn.com/110000-inspection/pc0_gWxtjkTjI_2.jpg.1420x800.jpg",无,2013-11-22,一梯两户,无抵押,非共有,2021-06-17,,精装,215,6,已购公房,29812
72.34,55.82,金融街融汇,南 北,高楼层 (共27层),集中供暖,精装自住，远离高速。满五年业主家庭唯一住房。_北京大兴天宫院金融街融汇二手房(北京链家),,101111939259,2室1厅1厨1卫,普通住宅,满五年,,"https://image1.ljcdn.com/110000-inspection/pc0_nfOvbJafM_1.jpg.1420x800.jpg,https://image1.ljcdn.com/110000-inspection/pc0_XyajzwnFA_1.jpg.1420x800.jpg,https://image1.ljcdn.com/x-se/hdic-frame/standard_7cf04807-52a4-498b-9bec-3588456c01d7.png.1066x800.jpg,https://image1.ljcdn.com/110000-inspection/pc0_3FgIrFcEe_1.jpg.1420x800.jpg,https://image1.ljcdn.com/110000-inspection/pc0_vhv8G9TPP_1.jpg.1420x800.jpg,https://image1.ljcdn.com/110000-inspection/pc0_lj5QIdS4Q_1.jpg.1420x800.jpg",有,2016-04-08,两梯四户,有抵押155万元银行客户偿还,非共有,2021-06-15,,精装,327,27,商品房,45204
74.16,56.39,草桥欣园四区,南 北,中楼层 (共15层),集中供暖,草桥欣园四区南2居近地铁看房方便_北京丰台草桥草桥欣园四区二手房(北京链家),,101111950251,2室1厅1厨1卫,普通住宅,满两年,,"https://image1.ljcdn.com/110000-inspection/pc0_nDXdCqbXz_1.jpg.1420x800.jpg,https://image1.ljcdn.com/110000-inspection/pc0_4IMjrAnVO_1.jpg.1420x800.jpg,https://image1.ljcdn.com/x-se/hdic-frame/standard_060ead2a-1e92-44f5-97a5-e3f07354ffbf.png.1066x800.jpg,https://image1.ljcdn.com/110000-inspection/apc_SY0eHq2fm_1.jpg.1420x800.jpg,https://image1.ljcdn.com/110000-inspection/pc0_PGfaNwojg_1.jpg.1420x800.jpg,https://image1.ljcdn.com/110000-inspection/pc0_ZkCtLuzpP_1.jpg.1420x800.jpg",有,2017-03-07,四梯两户,无抵押,非共有,2021-06-16,,精装,510,15,商品房,68771
88.61,71.17,建邦枫景,南 北,高楼层 (共22层),集中供暖,双林东路105号院，近地铁，西四环，楼龄新_北京丰台青塔建邦枫景二手房(北京链家),,101111956884,3室1厅1厨1卫,普通住宅,满五年,,"https://image1.ljcdn.com/110000-inspection/pc1_bLsbMYBKQ_1.jpg.1420x800.jpg,https://image1.ljcdn.com/110000-inspection/pc0_pOM72wyYj_1.jpg.1420x800.jpg,https://image1.ljcdn.com/110000-inspection/pc0_RXSdT8zi7_1.jpg.1420x800.jpg,https://image1.ljcdn.com/x-se/hdic-frame/standard_d6a74544-bfd8-4b0f-bef7-cee2460bfa53.png.1066x800.jpg,https://image1.ljcdn.com/110000-inspection/pc0_4AtMGEbNv_1.jpg.1420x800.jpg,https://image1.ljcdn.com/110000-inspection/pc0_6jNYzBh5g_1.jpg.1420x800.jpg,https://image1.ljcdn.com/110000-inspection/pc0_tGulC0TPE_1.jpg.1420x800.jpg,https://image1.ljcdn.com/110000-inspection/pc0_EGYRM43J7_1.jpg.1420x800.jpg",有,2012-11-14,两梯四户,无抵押,非共有,2021-06-16,,精装,530,22,限价商品房,59813
87.24,66.41,金隅景和园,南,底层 (共21层),集中供暖,满五年业主名下唯一住房全南向户型方正业主诚售_北京朝阳东坝金隅景和园二手房(北京链家),,101111955898,2室1厅1厨1卫,普通住宅,满五年,,"https://image1.ljcdn.com/110000-inspection/71442e82-b348-461a-bfcd-ec3167728c83_1000.jpg.1420x800.jpg,https://image1.ljcdn.com/110000-inspection/b9eb4a5c-c37b-48bb-b9d4-b1b4fd4bef1b_1000.jpg.1420x800.jpg,https://image1.ljcdn.com/110000-inspection/8a8de79f-e727-42bc-8607-74c03a579b84_1000.jpg.1420x800.jpg,https://image1.ljcdn.com/x-se/hdic-frame/standard_e6d889cb-ae1d-4819-9efc-310d3f7954b8.png.1066x800.jpg,https://image1.ljcdn.com/110000-inspection/805f7c86-f44e-4ec0-b49f-a7d9e2f7607e_1000.jpg.1420x800.jpg,https://image1.ljcdn.com/110000-inspection/pc0_xeQR0rPLn_1.jpg.1420x800.jpg,https://image1.ljcdn.com/110000-inspection/pc0_FHkrGe7fn_1.jpg.1420x800.jpg,https://image1.ljcdn.com/110000-inspection/c4d0cb2e-9aab-4d5b-bbcf-8844eec80395_1000.jpg.1420x800.jpg",有,2013-08-19,两梯四户,无抵押,非共有,2021-06-16,,精装,438,21,限价商品房,50207
64.5,,海特花园小区,南 北,底层 (共6层),集中供暖,海特花园小区正规两居室南北通透户型好_北京石景山苹果园海特花园小区二手房(北京链家),,101111957252,2室1厅1厨1卫,普通住宅,满两年,,"https://image1.ljcdn.com/110000-inspection/pc0_pE28Cz5Ol_1.jpg.1420x800.jpg,https://image1.ljcdn.com/110000-inspection/pc0_mXTStBSSP_1.jpg.1420x800.jpg,https://image1.ljcdn.com/x-se/hdic-frame/standard_aa09a991-2918-444f-bd02-1e0098241aa5.png.1066x800.jpg,https://image1.ljcdn.com/110000-inspection/pc0_5owjCdb0g_1.jpg.1420x800.jpg,https://image1.ljcdn.com/110000-inspection/pc0_r9WlBTsXR_1.jpg.1420x800.jpg,https://image1.ljcdn.com/110000-inspection/pc0_JEfHg6nBR_1.jpg.1420x800.jpg,https://image1.ljcdn.com/110000-inspection/pc0_hfKe5rtsE_1.jpg.1420x800.jpg",无,2019-03-07,一梯两户,无抵押,共有,2021-06-16,,简装,360,6,已购公房,55814
51.8,,北大地一里,西南,中楼层 (共6层),集中供暖,商品房满五唯一，精装修，采光好，朝小区里面不临街。_北京丰台北大地北大地一里二手房(北京链家),,101111939033,2室1厅1厨1卫,普通住宅,满五年,,"https://image1.ljcdn.com/110000-inspection/2fa49aad-6b41-47b7-932a-0c4d32491dcf_1000.jpg.1420x800.jpg,https://image1.ljcdn.com/110000-inspection/8142ad86-02bf-48c3-b02a-19cf8b05b66f_1000.jpg.1420x800.jpg,https://image1.ljcdn.com/x-se/hdic-frame/standard_06c42202-5236-4a5c-9285-6f7f30998d10.png.1066x800.jpg,https://image1.ljcdn.com/110000-inspection/6f5f55e5-072c-4049-b94e-088bd6c626d6_1000.jpg.1420x800.jpg,https://image1.ljcdn.com/110000-inspection/ebb15b4f-9ad0-460f-ac28-c0075072c484_1000.jpg.1420x800.jpg,https://image1.ljcdn.com/110000-inspection/c78d635c-7da5-4b7c-8f74-2edb5a077362_1000.jpg.1420x800.jpg,https://image1.ljcdn.com/110000-inspection/cc40b179-eb4c-413a-979a-a0a323349405_1000.jpg.1420x800.jpg",无,2015-12-21,一梯五户,无抵押,非共有,2021-06-15,,精装,450,6,商品房,86873
82.68,,望京西园一区,北 南,中楼层 (共18层),集中供暖,房子满五年家庭唯一住房，户型好，南北通透_北京朝阳望京望京西园一区二手房(北京链家),,101111936738,2室1厅1厨1卫,普通住宅,满五年,,"https://image1.ljcdn.com/110000-inspection/pc0_VPZprizcR_1.jpg.1420x800.jpg,https://image1.ljcdn.com/110000-inspection/pc0_oplTknIlv_1.jpg.1420x800.jpg,https://image1.ljcdn.com/x-se/hdic-frame/standard_56e61e92-7aba-4688-8309-eb5fc9d7c712.png.1066x800.jpg,https://image1.ljcdn.com/110000-inspection/pc0_1HeTe7FiZ_1.jpg.1420x800.jpg,https://image1.ljcdn.com/110000-inspection/pc0_8hwHBpPU8_1.jpg.1420x800.jpg,https://image1.ljcdn.com/110000-inspection/pc0_uLsrhXS8P_1.jpg.1420x800.jpg,https://image1.ljcdn.com/110000-inspection/pc0_eEqDxHF4L_1.jpg.1420x800.jpg",有,2004-09-13,两梯十户,无抵押,非共有,2021-06-15,,简装,595,18,商品房,71965
129.91,,灵秀山庄,南 北,底层 (共6层),集中供暖,灵秀山庄精装修三居室位置好落地窗采光好_北京大兴旧宫灵秀山庄二手房(北京链家),,101111942246,3室2厅1厨2卫,普通住宅,满五年,,"https://image1.ljcdn.com/110000-inspection/pc0_N13zRQJBu_1.jpg.1420x800.jpg,https://image1.ljcdn.com/110000-inspection/pc0_iXP7lrLJJ_1.jpg.1420x800.jpg,https://image1.ljcdn.com/x-se/hdic-frame/standard_74b2ca57-28d8-4061-8c77-a4b942acda00.png.1066x800.jpg,https://image1.ljcdn.com/110000-inspection/pc0_fSz0pxMhS_1.jpg.1420x800.jpg,https://image1.ljcdn.com/110000-inspection/pc0_9L6r9MO5v_1.jpg.1420x800.jpg,https://image1.ljcdn.com/110000-inspection/pc0_Oki6lRBkx_1.jpg.1420x800.jpg,https://image1.ljcdn.com/110000-inspection/pc0_XypSumz5Y_1.jpg.1420x800.jpg",无,2004-03-25,一梯三户,无抵押,非共有,2021-06-15,,精装,645,6,商品房,49650
107.28,,垂虹园,东南,高楼层 (共18层),集中供暖,金源北侧86.9%得房率无浪费面积东南高层视野开阔_北京海淀世纪城垂虹园二手房(北京链家),,101111924673,2室1厅1厨1卫,普通住宅,满五年,,"https://image1.ljcdn.com/110000-inspection/pc0_4W7V9Xu5t_1.jpg.1420x800.jpg,https://image1.ljcdn.com/110000-inspection/pc0_EotviKiuf_1.jpg.1420x800.jpg,https://image1.ljcdn.com/x-se/hdic-frame/standard_c6234159-3626-432b-80df-303d9e2c0424.png.1066x800.jpg,https://image1.ljcdn.com/110000-inspection/apc_Ah80ljtl1_1.jpg.1420x800.jpg,https://image1.ljcdn.com/110000-inspection/pc0_66vcg7s89_1.jpg.1420x800.jpg,https://image1.ljcdn.com/110000-inspection/pc0_oDDcooU4W_1.jpg.1420x800.jpg,https://image1.ljcdn.com/110000-inspection/pc0_kO0BFE3tF_1.jpg.1420x800.jpg",有,2013-02-26,三梯十户,无抵押,非共有,2021-06-13,,简装,1380,18,商品房,128636
61.83,51.42,万象新天一区,北,低楼层 (共14层),集中供暖,万象新天一区正规一居室，满五唯一户型方正，诚意出售_北京朝阳常营万象新天一区二手房(北京链家),,101111961088,1室1厅1厨1卫,普通住宅,满五年,,"https://image1.ljcdn.com/110000-inspection/pc0_GZJRuFz28_1.jpg.1420x800.jpg,https://image1.ljcdn.com/110000-inspection/pc0_Vm0jJXne2_1.jpg.1420x800.jpg,https://image1.ljcdn.com/x-se/hdic-frame/standard_538b802f-a895-4175-9d90-59d00490a5e4.png.1066x800.jpg,https://image1.ljcdn.com/110000-inspection/pc0_HI6mcyt0H_1.jpg.1420x800.jpg,https://image1.ljcdn.com/110000-inspection/pc0_LNvdlbee5_1.jpg.1420x800.jpg,https://image1.ljcdn.com/110000-inspection/pc0_k1LPF0jTH_1.jpg.1420x800.jpg,https://image1.ljcdn.com/110000-inspection/pc0_l12vsJzzN_1.jpg.1420x800.jpg",有,2010-04-26,两梯七户,无抵押,非共有,2021-06-17,,精装,367,14,商品房,59357
105.44,83.49,都城心屿,南,中楼层 (共24层),集中供暖,都城心屿2室1厅南_北京朝阳劲松都城心屿二手房(北京链家),,101111941343,2室1厅1厨1卫,普通住宅,满五年,,"https://image1.ljcdn.com/110000-inspection/pc1_9eb3QvfCv_1.jpg.1420x800.jpg,https://image1.ljcdn.com/110000-inspection/pc0_Ld6YlSljj_1.jpg.1420x800.jpg,https://image1.ljcdn.com/110000-inspection/pc0_cVwiK2Wba_1.jpg.1420x800.jpg,https://image1.ljcdn.com/x-se/hdic-frame/standard_30081fb4-47c7-4372-8ae1-3129a85fde8e.png.1066x800.jpg,https://image1.ljcdn.com/110000-inspection/pc0_s8xuESa3T_1.jpg.1420x800.jpg,https://image1.ljcdn.com/110000-inspection/pc0_OjiMqEZHy_1.jpg.1420x800.jpg,https://image1.ljcdn.com/110000-inspection/pc0_blgt57eF2_1.jpg.1420x800.jpg,https://image1.ljcdn.com/110000-inspection/pc0_nMHcEHEZS_1.jpg.1420x800.jpg",有,2009-12-16,三梯九户,无抵押,非共有,2021-06-15,,精装,716,24,商品房,67906
62.84,,玉泉路65号院,南 北,中楼层 (共6层),集中供暖,玉泉路地铁南十一对面三层南北向两居精装修_北京石景山鲁谷玉泉路65号院二手房(北京链家),,101111928685,2室1厅2厨1卫,普通住宅,满两年,,"https://image1.ljcdn.com/110000-inspection/pc1_h1Zm4Zfux_1.jpg.1420x800.jpg,https://image1.ljcdn.com/110000-inspection/pc0_NKJQHIbOo_1.jpg.1420x800.jpg,https://image1.ljcdn.com/110000-inspection/pc0_fXXYA0jW0_1.jpg.1420x800.jpg,https://image1.ljcdn.com/x-se/hdic-frame/standard_b2158c17-bb97-4bf4-8fdb-1a3fd5dd5f16.png.1066x800.jpg,https://image1.ljcdn.com/110000-inspection/pc0_5iSMVcFAT_1.jpg.1420x800.jpg,https://image1.ljcdn.com/110000-inspection/pc0_Ktvqf5Hmt_1.jpg.1420x800.jpg,https://image1.ljcdn.com/110000-inspection/pc0_kVmH9lpqm_1.jpg.1420x800.jpg,https://image1.ljcdn.com/110000-inspection/pc0_TEGlhdR8T_1.jpg.1420x800.jpg",无,2018-09-30,一梯三户,无抵押,非共有,2021-06-14,,精装,430,6,商品房,68428
98.21,78.67,华芳园,东南 北,中楼层 (共18层),集中供暖,南三环成寿寺华芳园三居室中国银行家属楼_北京丰台成寿寺华芳园二手房(北京链家),,101111958279,3室1厅1厨1卫,普通住宅,满五年,,"https://image1.ljcdn.com/110000-inspection/pc1_QMlQR83s0_1.jpg.1420x800.jpg,https://image1.ljcdn.com/110000-inspection/pc0_nv4Gkf2Y5_1.jpg.1420x800.jpg,https://image1.ljcdn.com/110000-inspection/pc0_RcpExTxLd_1.jpg.1420x800.jpg,https://image1.ljcdn.com/x-se/hdic-frame/standard_907678f2-52bc-44ad-9013-389c77f76a34.png.1066x800.jpg,https://image1.ljcdn.com/110000-inspection/pc0_Ey0wiV8s2_1.jpg.1420x800.jpg,https://image1.ljcdn.com/110000-inspection/pc0_VSuGjPAqf_1.jpg.1420x800.jpg,https://image1.ljcdn.com/110000-inspection/pc0_6PgjCo3ey_1.jpg.1420x800.jpg,https://image1.ljcdn.com/110000-inspection/pc0_oQK5Tmi4J_1.jpg.1420x800.jpg,https://image1.ljcdn.com/110000-inspection/pc0_T9bg80mRQ_1.jpg.1420x800.jpg",有,2003-03-14,三梯十户,无抵押,非共有,2021-06-17,,简装,485,18,已购公房,49384
98.24,,骊龙园,南 北,中楼层 (共6层),自供暖,南北通透两居室，户型方正，落地窗。_北京昌平回龙观骊龙园二手房(北京链家),,101111917035,2室1厅1厨1卫,普通住宅,满五年,,"https://image1.ljcdn.com/110000-inspection/pc0_ucFkFBnDo_1.jpg.1420x800.jpg,https://image1.ljcdn.com/110000-inspection/pc0_sHapUG3yD_1.jpg.1420x800.jpg,https://image1.ljcdn.com/x-se/hdic-frame/standard_5d76c7ae-fb5a-497e-8e37-f842eda5ade7.png.1066x800.jpg,https://image1.ljcdn.com/110000-inspection/c9ad260f-d525-449d-aedf-2e44cab19b0b_1000.jpg.1420x800.jpg,https://image1.ljcdn.com/110000-inspection/pc0_0MKy9VIGR_1.jpg.1420x800.jpg,https://image1.ljcdn.com/110000-inspection/pc0_J6bkWFMNj_1.jpg.1420x800.jpg,https://image1.ljcdn.com/110000-inspection/72bb1a57-04ff-4e31-ba51-64346bb1e449_1000.jpg.1420x800.jpg",无,2006-04-21,一梯两户,无抵押,非共有,2021-06-13,,精装,550,6,商品房,55986
60.94,50.24,绿景苑,东南,中楼层 (共14层),集中供暖,绿景苑满五年唯一诚心出售_北京东城广渠门绿景苑二手房(北京链家),,101111909952,1室1厅1厨1卫,普通住宅,满五年,,"https://image1.ljcdn.com/110000-inspection/e718e237-2148-4bbf-aa0a-b040826da505_1000.jpg.1420x800.jpg,https://image1.ljcdn.com/110000-inspection/pc0_bkcEftFUt_1.jpg.1420x800.jpg,https://image1.ljcdn.com/x-se/hdic-frame/standard_2000b812-815c-44d1-a552-103ed99c430c.png.1066x800.jpg,https://image1.ljcdn.com/110000-inspection/pc0_UzkbwKCN9_1.jpg.1420x800.jpg,https://image1.ljcdn.com/110000-inspection/pc0_REqg1A9CZ_1.jpg.1420x800.jpg,https://image1.ljcdn.com/110000-inspection/pc0_SOA3ERod5_1.jpg.1420x800.jpg,https://image1.ljcdn.com/110000-inspection/pc0_u1hh6p0XS_1.jpg.1420x800.jpg",有,2015-06-12,三梯二十二户,无抵押,共有,2021-06-12,,简装,685,14,商品房,112406
71.66,,培新街乙5号院,西 东 南,中楼层 (共16层),集中供暖,培新街乙5号院2室1厅西东南_北京东城广渠门培新街乙5号院二手房(北京链家),,101111944021,2室1厅1厨1卫,普通住宅,满五年,,"https://image1.ljcdn.com/110000-inspection/pc1_YDN59LMV8_1.jpg.1420x800.jpg,https://image1.ljcdn.com/110000-inspection/60f7d07b-978b-4bfd-8385-deb94f2608a4_1000.jpg.1420x800.jpg,https://image1.ljcdn.com/110000-inspection/pc0_JziLKUgX2_1.jpg.1420x800.jpg,https://image1.ljcdn.com/x-se/hdic-frame/standard_387c2ed6-832d-464c-a683-329b636ba318.png.1066x800.jpg,https://image1.ljcdn.com/110000-inspection/b4b40beb-7ed0-4701-a373-30065ccd41ea_1000.jpg.1420x800.jpg,https://image1.ljcdn.com/110000-inspection/0bfd1b12-b446-45b1-bb60-1ba98e223622_1000.jpg.1420x800.jpg,https://image1.ljcdn.com/110000-inspection/cb069754-772b-4359-8239-0ef65e9aaf34_1000.jpg.1420x800.jpg,https://image1.ljcdn.com/110000-inspection/57d6b5b2-7676-4064-abb4-d634da7c6f6b_1000.jpg.1420x800.jpg,https://image1.ljcdn.com/110000-inspection/pc0_uIIx9k4Qw_1.jpg.1420x800.jpg",有,2010-08-31,三梯三户,无抵押,非共有,2021-06-15,,简装,750,16,商品房,104661
100.99,82.71,金汉绿港二区,南,顶层 (共16层),集中供暖,此房户型方正、交通便利、采光充足、视野开阔_北京顺义顺义城金汉绿港二区二手房(北京链家),,101111926960,2室2厅1厨1卫,普通住宅,满五年,,"https://image1.ljcdn.com/110000-inspection/pc0_4C998lqsy_1.jpg.1420x800.jpg,https://image1.ljcdn.com/110000-inspection/pc0_cahuaZQJ1_1.jpg.1420x800.jpg,https://image1.ljcdn.com/x-se/hdic-frame/standard_1d7a28f7-c2e3-44ff-a7a0-bc4378f312b4.png.1066x800.jpg,https://image1.ljcdn.com/110000-inspection/pc0_xHvLhhTw1_1.jpg.1420x800.jpg,https://image1.ljcdn.com/110000-inspection/pc0_8T2pKpF6C.jpg.1420x800.jpg,https://image1.ljcdn.com/110000-inspection/pc0_fWoH02IZB_1.jpg.1420x800.jpg,https://image1.ljcdn.com/110000-inspection/pc0_C5DMUVH3R.jpg.1420x800.jpg",有,2009-07-01,两梯三户,无抵押,非共有,2021-06-14,,精装,380,16,商品房,37628
84.25,66.75,东方瑞景,东,中楼层 (共30层),集中供暖,东二环边精装大一居室满五年户型布局合理_北京朝阳建国门外东方瑞景二手房(北京链家),,101111866835,1室1厅1厨1卫,普通住宅,满五年,,"https://image1.ljcdn.com/110000-inspection/pc1_2WkoJSziR_2.jpg.1420x800.jpg,https://image1.ljcdn.com/110000-inspection/pc0_IkQOgdviQ_2.jpg.1420x800.jpg,https://image1.ljcdn.com/110000-inspection/pc0_hF24liCOf_2.jpg.1420x800.jpg,https://image1.ljcdn.com/x-se/hdic-frame/standard_3de270b4-a543-4a0a-be34-407c0995056a.png.1066x800.jpg,https://image1.ljcdn.com/110000-inspection/pc0_IgbCGflbB_2.jpg.1420x800.jpg,https://image1.ljcdn.com/110000-inspection/pc0_59YHPrGjB_2.jpg.1420x800.jpg,https://image1.ljcdn.com/110000-inspection/pc0_8jlFKAyt4_2.jpg.1420x800.jpg,https://image1.ljcdn.com/110000-inspection/pc0_w5YvbNJAP_2.jpg.1420x800.jpg",有,2007-01-19,三梯十一户,有抵押300万元民生银行客户偿还,非共有,2021-06-08,,精装,695,30,商品房,82493
45.9,,知春东里,南,顶层 (共6层),集中供暖,知春东里1室1厅南_北京海淀双榆树知春东里二手房(北京链家),,101111984798,1室1厅1厨1卫,普通住宅,满五年,,"https://image1.ljcdn.com/110000-inspection/pc0_Na836Aeq3_1.jpg.1420x800.jpg,https://image1.ljcdn.com/110000-inspection/pc0_MKhNvVEvv_1.jpg.1420x800.jpg,https://image1.ljcdn.com/x-se/hdic-frame/standard_a00a88f5-5abe-4031-adfe-1fd61fc3ddaf.png.1066x800.jpg,https://image1.ljcdn.com/110000-inspection/pc0_x6GzoGLxn_1.jpg.1420x800.jpg,https://image1.ljcdn.com/110000-inspection/pc0_5wJlmd7e0_1.jpg.1420x800.jpg",无,2010-11-24,一梯三户,无抵押,非共有,2021-06-19,,简装,679,6,已购公房,147931
53.21,,广和东里,东 西,中楼层 (共5层),集中供暖,广和东里，东西通透两居，环境安静，楼层好，无遮挡_北京朝阳劲松广和东里二手房(北京链家),,101111897181,2室1厅1厨1卫,普通住宅,满两年,,"https://image1.ljcdn.com/110000-inspection/pc1_7wOgUGYFK_1.jpg.1420x800.jpg,https://image1.ljcdn.com/110000-inspection/pc0_j3GAcr7o7_1.jpg.1420x800.jpg,https://image1.ljcdn.com/110000-inspection/pc0_SteQvIu7t_1.jpg.1420x800.jpg,https://image1.ljcdn.com/x-se/hdic-frame/standard_a99444fa-89a1-413c-9454-48ba34079ccf.png.1066x800.jpg,https://image1.ljcdn.com/110000-inspection/pc0_WYP5nojfk_1.jpg.1420x800.jpg,https://image1.ljcdn.com/110000-inspection/pc0_oo2QuFQoc_1.jpg.1420x800.jpg,https://image1.ljcdn.com/110000-inspection/pc0_5anoMAisb_1.jpg.1420x800.jpg,https://image1.ljcdn.com/110000-inspection/pc0_NkUqFezFu_1.jpg.1420x800.jpg,https://image1.ljcdn.com/110000-inspection/pc0_ctjllEwzj_1.jpg.1420x800.jpg,https://image1.ljcdn.com/110000-inspection/pc0_TvLLrWKit_1.jpg.1420x800.jpg",无,2016-08-29,一梯三户,无抵押,非共有,2021-06-11,,简装,305,5,商品房,57321
62.7,,富仁名苑,西,中楼层 (共16层),集中供暖,富仁名苑配套成熟出行比较便利_北京朝阳安贞富仁名苑二手房(北京链家),,101111976811,1室1厅1厨1卫,普通住宅,满五年,,"https://image1.ljcdn.com/110000-inspection/pc0_NQFFGrwdC_1.jpg.1420x800.jpg,https://image1.ljcdn.com/110000-inspection/pc0_bV7AjAVem_1.jpg.1420x800.jpg,https://image1.ljcdn.com/x-se/hdic-frame/standard_e158e2bb-23a0-4d15-8da5-cb43596838fe.png.1066x800.jpg,https://image1.ljcdn.com/110000-inspection/pc0_aoqJ4Sjg2_1.jpg.1420x800.jpg,https://image1.ljcdn.com/110000-inspection/pc0_8u7RaS8Jf_1.jpg.1420x800.jpg",有,2013-08-26,三梯十二户,无抵押,非共有,2021-06-18,,其他,516,16,商品房,82297
73.16,51.88,金蝉北里,南 北,中楼层 (共7层),集中供暖,金蝉北里，中间楼层，南北朝向两居室_北京朝阳垡头金蝉北里二手房(北京链家),,101111938425,2室1厅1厨1卫,普通住宅,满五年,,"https://image1.ljcdn.com/110000-inspection/pc1_30atrP2RS_1.jpg.1420x800.jpg,https://image1.ljcdn.com/110000-inspection/pc0_qZnihJqU5_1.jpg.1420x800.jpg,https://image1.ljcdn.com/110000-inspection/pc0_9RuJ5VOeE_1.jpg.1420x800.jpg,https://image1.ljcdn.com/x-se/hdic-frame/standard_435cb917-9f95-4fc1-81f5-0ca0e7cad831.png.1066x800.jpg,https://image1.ljcdn.com/110000-inspection/pc0_P6k3VbPHl_1.jpg.1420x800.jpg,https://image1.ljcdn.com/110000-inspection/pc0_gs7RITjfV_1.jpg.1420x800.jpg,https://image1.ljcdn.com/110000-inspection/pc0_sxN3Bxlhs_1.jpg.1420x800.jpg",无,2009-11-24,一梯三户,有抵押40万元业主自还,非共有,2021-06-15,,简装,330,7,商品房,45107
57.72,,永泰东里,南 北,顶层 (共6层),集中供暖,永泰南北两居室房本满两年看房方便随时能签约_北京海淀清河永泰东里二手房(北京链家),,101111961045,2室1厅1厨1卫,普通住宅,满两年,,"https://image1.ljcdn.com/110000-inspection/pc1_ptreQvm9i_1.jpg.1420x800.jpg,https://image1.ljcdn.com/110000-inspection/pc0_kCUYrvSz8_1.jpg.1420x800.jpg,https://image1.ljcdn.com/110000-inspection/2f750366-349e-472c-a79e-226a31f81684_1000.jpg.1420x800.jpg,https://image1.ljcdn.com/x-se/hdic-frame/standard_c1dad461-21c5-4a6a-94cb-4878d8ecc498.png.1066x800.jpg,https://image1.ljcdn.com/110000-inspection/pc0_dv8A5cdC0_1.jpg.1420x800.jpg,https://image1.ljcdn.com/110000-inspection/pc0_viQHPTsPq_1.jpg.1420x800.jpg,https://image1.ljcdn.com/110000-inspection/855d5962-f930-41e3-937d-655903e0db2b_1000.jpg.1420x800.jpg",无,2017-05-25,一梯三户,有抵押200万元,非共有,2021-06-17,,精装,448,6,商品房,77617
84.29,,旅游新村,南 北,高楼层 (共6层),集中供暖,万达商圈旅游新村南北向两居室北苑地铁_北京通州万达旅游新村二手房(北京链家),,101111981508,2室1厅1厨1卫,普通住宅,满五年,,"https://image1.ljcdn.com/110000-inspection/pc1_8mWlcpeXf_2.jpg.1420x800.jpg,https://image1.ljcdn.com/110000-inspection/pc0_xNUpny3ai_2.jpg.1420x800.jpg,https://image1.ljcdn.com/110000-inspection/pc0_eAG5CmGjc_2.jpg.1420x800.jpg,https://image1.ljcdn.com/x-se/hdic-frame/standard_01c1e9a6-a157-4fd5-b1a6-81854686a98d.png.1066x800.jpg,https://image1.ljcdn.com/110000-inspection/pc0_4561jdGJX_1.jpg.1420x800.jpg,https://image1.ljcdn.com/110000-inspection/pc0_awI48TOer_1.jpg.1420x800.jpg,https://image1.ljcdn.com/110000-inspection/pc0_Fg7Xv881u_1.jpg.1420x800.jpg",无,2016-02-16,一梯两户,有抵押100万元通州公积金担保中心客户偿还,非共有,2021-06-19,,精装,329,6,商品房,39032
127.09,117.13,鸿顺园西区,东南 西北,中楼层 (共6层),集中供暖,此房满五唯一，集中供暖，明厨明卫，临近地铁。_北京房山良乡鸿顺园西区二手房(北京链家),,101111849725,3室1厅1厨2卫,普通住宅,满五年,,"https://image1.ljcdn.com/110000-inspection/pc1_h3zOxr9r9_1.jpg.1420x800.jpg,https://image1.ljcdn.com/110000-inspection/pc0_QJRBw0mvI_1.jpg.1420x800.jpg,https://image1.ljcdn.com/110000-inspection/pc0_VndtGVNxL_1.jpg.1420x800.jpg,https://image1.ljcdn.com/x-se/hdic-frame/standard_46fb865c-f939-4d18-aa22-ba3c4b9b5dbb.png.1066x800.jpg,https://image1.ljcdn.com/110000-inspection/pc0_ESuoyyvfx_1.jpg.1420x800.jpg,https://image1.ljcdn.com/110000-inspection/pc0_Yr7UHOm9k_1.jpg.1420x800.jpg,https://image1.ljcdn.com/110000-inspection/pc0_EgFxznsGI_1.jpg.1420x800.jpg,https://image1.ljcdn.com/110000-inspection/pc0_3yBH8G3Bh_1.jpg.1420x800.jpg,https://image1.ljcdn.com/110000-inspection/pc0_ltbFNAyre_1.jpg.1420x800.jpg",无,2009-06-22,一梯两户,无抵押,非共有,2021-06-07,,简装,339,6,商品房,26675
56.12,42.81,金港国际,东 北,低楼层 (共20层),集中供暖,观小区正规一居室，东北向，不临街无噪音。中间层。_北京朝阳大望路金港国际二手房(北京链家),,101111974155,1室1厅1厨1卫,普通住宅,满五年,,"https://image1.ljcdn.com/110000-inspection/pc1_HkCzWSC6E_1.jpg.1420x800.jpg,https://image1.ljcdn.com/110000-inspection/apc_dQVEAg72n_1.jpg.1420x800.jpg,https://image1.ljcdn.com/110000-inspection/apc_aH4TLokDY_1.jpg.1420x800.jpg,https://image1.ljcdn.com/x-se/hdic-frame/standard_9dcdb9ba-75c2-4f26-9b5e-7f1d1349a909.png.1066x800.jpg,https://image1.ljcdn.com/110000-inspection/pc0_5RYVYw67K_1.jpg.1420x800.jpg,https://image1.ljcdn.com/110000-inspection/pc0_jBgywnRtd_1.jpg.1420x800.jpg",有,2008-12-22,两梯九户,无抵押,非共有,2021-06-18,,精装,390,20,商品房,69494
,,中泽家园,南 北,高楼层 (共6层),集中供暖,满五唯一南北通透格局视野宽阔采光充足配套齐全_北京通州九棵树(家乐福)中泽家园二手房(北京链家),,101111938896,2室1厅1厨1卫,普通住宅,满五年,,"https://image1.ljcdn.com/110000-inspection/pc0_YFa9twxQG_1.jpg.1420x800.jpg,https://image1.ljcdn.com/110000-inspection/pc0_fNiYQJ4ce_1.jpg.1420x800.jpg,https://image1.ljcdn.com/x-se/hdic-frame/standard_954f87d9-0979-4fca-b53f-03931f049429.png.1066x800.jpg,https://image1.ljcdn.com/110000-inspection/pc0_dFsSpjH1Y_1.jpg.1420x800.jpg,https://image1.ljcdn.com/110000-inspection/pc0_uuxULSpOJ_1.jpg.1420x800.jpg,https://image1.ljcdn.com/110000-inspection/pc0_RKPAWM9Xc_1.jpg.1420x800.jpg",无,2014-12-08,一梯三户,有抵押71万元客户偿还,非共有,2021-06-15,,简装,275,6,商品房,38195
88.28,,农光里,东 西,中楼层 (共6层),集中供暖,农光里板楼三层，钢混，东西通透三室一厅，采光好_北京朝阳劲松农光里二手房(北京链家),,101111875464,3室1厅1厨1卫,普通住宅,满五年,,"https://image1.ljcdn.com/110000-inspection/pc0_FmVhyEigs_1.jpg.1420x800.jpg,https://image1.ljcdn.com/110000-inspection/pc0_uWsNX0E76_1.jpg.1420x800.jpg,https://image1.ljcdn.com/x-se/hdic-frame/standard_93c6ef4d-9b00-4ea0-b211-2fe47a7fd652.png.1066x800.jpg,https://image1.ljcdn.com/110000-inspection/pc0_RCd5VIenp_1.jpg.1420x800.jpg,https://image1.ljcdn.com/110000-inspection/pc0_lOti0vion_1.jpg.1420x800.jpg,https://image1.ljcdn.com/110000-inspection/pc0_gzTfuImDA_1.jpg.1420x800.jpg,https://image1.ljcdn.com/110000-inspection/pc0_j5nDfWImr_1.jpg.1420x800.jpg,https://image1.ljcdn.com/110000-inspection/pc0_n5qEUCYUq_1.jpg.1420x800.jpg",无,2000-12-07,一梯两户,无抵押,非共有,2021-06-09,,简装,560,6,已购公房,63435
89.29,71.9,康庄中巷4号院,南 北,高楼层 (共12层),集中供暖,康庄中巷4号院正规两居室业主诚心出售看房方便_北京大兴枣园康庄中巷4号院二手房(北京链家),,101111965299,2室2厅1厨1卫,普通住宅,满五年,,"https://image1.ljcdn.com/110000-inspection/24b226e7-984b-4148-9897-57f51387d409_1000.jpg.1420x800.jpg,https://image1.ljcdn.com/110000-inspection/pc0_zZwVS3wma_2.jpg.1420x800.jpg,https://image1.ljcdn.com/x-se/hdic-frame/standard_ae815e5e-7141-4026-92c3-417bd9fa8108.png.1066x800.jpg,https://image1.ljcdn.com/110000-inspection/pc0_W59IL4oPu_2.jpg.1420x800.jpg,https://image1.ljcdn.com/110000-inspection/pc0_cWxdJej1h_2.jpg.1420x800.jpg,https://image1.ljcdn.com/110000-inspection/pc0_EAKqeBAeq_2.jpg.1420x800.jpg",有,2015-03-18,一梯两户,无抵押,非共有,2021-06-17,,简装,328,12,商品房,36735
55.88,55.88,富贵园二区,南,高楼层 (共18层),集中供暖,东花市富贵园二区满五年朝南无遮挡采光好_北京东城东花市富贵园二区二手房(北京链家),,101111957155,1室1厅1厨1卫,普通住宅,满五年,,"https://image1.ljcdn.com/110000-inspection/apc_cF5Bo5Tx5_1.jpg.1420x800.jpg,https://image1.ljcdn.com/110000-inspection/pc0_Yd7Msj5OG_1.jpg.1420x800.jpg,https://image1.ljcdn.com/x-se/hdic-frame/standard_a89faf58-8b2d-461e-abdf-9b4274e5e30d.png.1066x800.jpg,https://image1.ljcdn.com/110000-inspection/pc0_CTjZSV9tj_1.jpg.1420x800.jpg,https://image1.ljcdn.com/110000-inspection/pc0_GzxNQH7YD_1.jpg.1420x800.jpg",有,2004-06-28,四梯十七户,无抵押,非共有,2021-06-16,,精装,660,18,商品房,118111
82.82,73.36,康盛园,南 北,底层 (共6层),集中供暖,康盛园2室1厅南北_北京大兴高米店康盛园二手房(北京链家),,101111971212,2室1厅1厨1卫,普通住宅,满五年,,"https://image1.ljcdn.com/110000-inspection/pc0_e4dGaKS6S_2.jpg.1420x800.jpg,https://image1.ljcdn.com/110000-inspection/pc0_H0lFijBBf_2.jpg.1420x800.jpg,https://image1.ljcdn.com/x-se/hdic-frame/standard_89c9dc7f-345c-4598-81f3-196c61651bfd.png.1066x800.jpg,https://image1.ljcdn.com/110000-inspection/546719ef-c6c2-40a0-b886-8ea1ff0e3aba_1000.jpg.1420x800.jpg,https://image1.ljcdn.com/110000-inspection/pc0_7bwjAk4k7_2.jpg.1420x800.jpg,https://image1.ljcdn.com/110000-inspection/pc0_peV1XLhal_2.jpg.1420x800.jpg",无,2003-05-20,一梯两户,无抵押,非共有,2021-06-18,,其他,428,6,商品房,51679
80.63,66.44,新街坊,西北,高楼层 (共19层),集中供暖,朝阳北苑佳兴园国企物业人车分流两室两厅两梯四户_北京朝阳北苑新街坊二手房(北京链家),,101111926395,2室2厅1厨1卫,普通住宅,满五年,,"https://image1.ljcdn.com/110000-inspection/pc1_1NfadrRTH_1.jpg.1420x800.jpg,https://image1.ljcdn.com/110000-inspection/pc0_2hWzhsnQo_1.jpg.1420x800.jpg,https://image1.ljcdn.com/110000-inspection/pc0_qhQdqrCcd_1.jpg.1420x800.jpg,https://image1.ljcdn.com/x-se/hdic-frame/standard_5a74b352-da62-462f-bc56-c53401703601.png.1066x800.jpg,https://image1.ljcdn.com/110000-inspection/pc0_AjdN2afgb_1.jpg.1420x800.jpg,https://image1.ljcdn.com/110000-inspection/pc0_FSl3T98y8_1.jpg.1420x800.jpg,https://image1.ljcdn.com/110000-inspection/pc0_6RLJVHxoL_1.jpg.1420x800.jpg,https://image1.ljcdn.com/110000-inspection/pc0_zexixU9bL_1.jpg.1420x800.jpg",有,2007-01-13,两梯四户,无抵押,非共有,2021-06-14,,简装,520,19,商品房,64493
73.67,,广安苑一期,东 西,低楼层 (共14层),集中供暖,广安苑一期99年房改房社区东西通透租赁车位_北京西城天宁寺广安苑一期二手房(北京链家),,101111931852,2室1厅1厨1卫,普通住宅,满五年,,"https://image1.ljcdn.com/110000-inspection/apc_980ayr8Tn_1.jpg.1420x800.jpg,https://image1.ljcdn.com/110000-inspection/apc_iOupMiawT_1.jpg.1420x800.jpg,https://image1.ljcdn.com/x-se/hdic-frame/standard_51390618-6cca-4868-a722-bf3280c30bb8.png.1066x800.jpg,https://image1.ljcdn.com/110000-inspection/apc_Ha83UzCcA_1.jpg.1420x800.jpg,https://image1.ljcdn.com/110000-inspection/pc0_7dd4jUCg9_1.jpg.1420x800.jpg,https://image1.ljcdn.com/110000-inspection/pc0_xJ4nVe6en_1.jpg.1420x800.jpg,https://image1.ljcdn.com/110000-inspection/pc0_q1N46ugZH_1.jpg.1420x800.jpg",有,2002-05-08,两梯两户,无抵押,非共有,2021-06-14,,精装,860,14,已购公房,116737
139.5,121.89,丽都东镇,南 北,中楼层 (共9层),集中供暖,丽都东镇九层低密洋房139.5平三居精装修拎包入住_北京朝阳酒仙桥丽都东镇二手房(北京链家),,101111962408,3室1厅1厨2卫,普通住宅,满五年,,"https://image1.ljcdn.com/110000-inspection/pc0_Pp6PSjJOV_1.jpg.1420x800.jpg,https://image1.ljcdn.com/110000-inspection/pc0_f7g934fAz_1.jpg.1420x800.jpg,https://image1.ljcdn.com/x-se/hdic-frame/standard_00d3a4c9-b60a-4d89-85d9-c6a3fa4cadd5.png.1066x800.jpg,https://image1.ljcdn.com/110000-inspection/pc0_bJjr4yu2c_1.jpg.1420x800.jpg,https://image1.ljcdn.com/110000-inspection/pc0_IVPRTLke0_1.jpg.1420x800.jpg,https://image1.ljcdn.com/110000-inspection/pc0_Ed6JbZ7Qg_1.jpg.1420x800.jpg,https://image1.ljcdn.com/110000-inspection/pc0_bmYhTtJij_1.jpg.1420x800.jpg,https://image1.ljcdn.com/110000-inspection/pc0_ARer1D0PO_1.jpg.1420x800.jpg",有,2009-12-27,一梯两户,无抵押,非共有,2021-06-17,,精装,1120,9,商品房,80287
89.03,71.12,北苑家园茉藜园,西南,中楼层 (共26层),集中供暖,北苑西南两居，满五唯一，高楼层观赏人工湖，婚房精装_北京朝阳北苑北苑家园茉藜园二手房(北京链家),,101111952228,2室1厅1厨2卫,普通住宅,满五年,,"https://image1.ljcdn.com/110000-inspection/pc0_EH0hir97b_1.jpg.1420x800.jpg,https://image1.ljcdn.com/110000-inspection/pc0_U4X9rLJNV_1.jpg.1420x800.jpg,https://image1.ljcdn.com/x-se/hdic-frame/standard_54ee62f5-aa5e-4298-aefd-5070e952448e.png.1066x800.jpg,https://image1.ljcdn.com/110000-inspection/pc0_ldJWX93Tj_1.jpg.1420x800.jpg,https://image1.ljcdn.com/110000-inspection/pc0_WIcF7rBUq_1.jpg.1420x800.jpg,https://image1.ljcdn.com/110000-inspection/pc0_5iKt4zuSl_1.jpg.1420x800.jpg,https://image1.ljcdn.com/110000-inspection/pc0_dqr9gGSUF_1.jpg.1420x800.jpg",有,2015-04-28,三梯十户,有抵押153万元农业银行客户偿还,非共有,2021-06-16,,精装,562,26,商品房,63125
85.46,,松榆西里,南 北,高楼层 (共6层),集中供暖,松榆西里精装修南北通透大两居满五年一套_北京朝阳潘家园松榆西里二手房(北京链家),,101111979726,2室1厅1厨1卫,普通住宅,满五年,,"https://image1.ljcdn.com/110000-inspection/pc0_xGJN2yRWF_1.jpg.1420x800.jpg,https://image1.ljcdn.com/110000-inspection/pc0_1XBDpnivf_1.jpg.1420x800.jpg,https://image1.ljcdn.com/x-se/hdic-frame/standard_721af542-4721-4a32-aafc-09470d068a0f.png.1066x800.jpg,https://image1.ljcdn.com/110000-inspection/pc0_KKTp4InAV_1.jpg.1420x800.jpg,https://image1.ljcdn.com/110000-inspection/pc0_7t6aS8chM_1.jpg.1420x800.jpg,https://image1.ljcdn.com/110000-inspection/pc0_BBtxqautq_1.jpg.1420x800.jpg,https://image1.ljcdn.com/110000-inspection/pc0_4ikVx9ke9_1.jpg.1420x800.jpg",无,2015-08-24,一梯两户,无抵押,非共有,2021-06-19,,精装,574,6,商品房,67166
71.89,,兴隆家园,南 北,高楼层 (共6层),集中供暖,兴隆家园南区一梯两户南北2居精装修_北京朝阳高碑店兴隆家园二手房(北京链家),,101111960062,2室1厅1厨1卫,普通住宅,满两年,,"https://image1.ljcdn.com/110000-inspection/pc0_XF5vUncZR_1.jpg.1420x800.jpg,https://image1.ljcdn.com/110000-inspection/pc0_Aq0UH9B43_1.jpg.1420x800.jpg,https://image1.ljcdn.com/x-se/hdic-frame/standard_c81a68c5-f8b2-498e-8afa-5e94eccbc9c7.png.1066x800.jpg,https://image1.ljcdn.com/110000-inspection/pc0_CbZq5kkNo_1.jpg.1420x800.jpg,https://image1.ljcdn.com/110000-inspection/pc0_iGW8SdCom.jpg.1420x800.jpg,https://image1.ljcdn.com/110000-inspection/pc0_RxD7PVaH1.jpg.1420x800.jpg,https://image1.ljcdn.com/110000-inspection/pc0_JkokXW6dl_1.jpg.1420x800.jpg",无,2016-10-20,一梯两户,无抵押,非共有,2021-06-17,,精装,488,6,商品房,67882
56.87,,潘家园东里,南 北,中楼层 (共6层),集中供暖,潘家园东里满五年唯一南北通透中楼层板楼近地铁_北京朝阳潘家园潘家园东里二手房(北京链家),,101111986683,2室1厅1厨1卫,普通住宅,满五年,,"https://image1.ljcdn.com/110000-inspection/pc0_kKuCdPUdQ_1.jpg.1420x800.jpg,https://image1.ljcdn.com/110000-inspection/pc0_p88rOJmcu_1.jpg.1420x800.jpg,https://image1.ljcdn.com/x-se/hdic-frame/standard_a8637dea-bae1-4af0-9712-6a70b1526629.png.1066x800.jpg,https://image1.ljcdn.com/110000-inspection/pc0_GWsVEf0aC_1.jpg.1420x800.jpg,https://image1.ljcdn.com/110000-inspection/pc0_KN42qI10I_1.jpg.1420x800.jpg,https://image1.ljcdn.com/110000-inspection/pc0_LvcLSJJPF_1.jpg.1420x800.jpg,https://image1.ljcdn.com/110000-inspection/pc0_Jc0StXhwk_1.jpg.1420x800.jpg,https://image1.ljcdn.com/110000-inspection/pc0_V97Z2UcXT_1.jpg.1420x800.jpg,https://image1.ljcdn.com/110000-inspection/pc0_TR8w7lall_1.jpg.1420x800.jpg",无,1997-03-06,一梯两户,无抵押,非共有,2021-06-19,,简装,370,6,已购公房,65061
110.95,,华龙美树,南 北,低楼层 (共18层),自供暖,华龙美树满五唯一明厨明卫双通透两居室商品房_北京朝阳管庄华龙美树二手房(北京链家),,101111936238,2室1厅1厨1卫,普通住宅,满五年,,"https://image1.ljcdn.com/110000-inspection/pc0_qouDQT2Yn_1.jpg.1420x800.jpg,https://image1.ljcdn.com/110000-inspection/pc0_BwCVAiGKM_1.jpg.1420x800.jpg,https://image1.ljcdn.com/x-se/hdic-frame/standard_4ba9700b-2226-4da1-9055-672cc6f8dc4f.png.1066x800.jpg,https://image1.ljcdn.com/110000-inspection/pc0_YSW4NYbb1_1.jpg.1420x800.jpg,https://image1.ljcdn.com/110000-inspection/pc0_GYIYL7UEG_1.jpg.1420x800.jpg,https://image1.ljcdn.com/110000-inspection/pc0_uOL8hxeVu_1.jpg.1420x800.jpg,https://image1.ljcdn.com/110000-inspection/pc0_5DlndfZYc_1.jpg.1420x800.jpg,https://image1.ljcdn.com/110000-inspection/pc0_atNKMhn9f_1.jpg.1420x800.jpg",有,2016-04-01,两梯四户,有抵押100万元业主自还,非共有,2021-06-15,,精装,650,18,商品房,58585
98.55,,民安小区东直门内北小街,南 北,低楼层 (共14层),集中供暖,民安小区东直门内北小街南北通透不临街无遮挡大三居_北京东城东直门民安小区东直门内北小街二手房(北京链家),,101111973116,3室1厅1厨1卫,普通住宅,满两年,,"https://image1.ljcdn.com/110000-inspection/prod-ed836528-506c-4890-a545-b4f176b4a9e2.jpg.1420x800.jpg,https://image1.ljcdn.com/110000-inspection/prod-57d74dcb-d83a-4e9c-b167-05d177fb2a62.jpg.1420x800.jpg,https://image1.ljcdn.com/110000-inspection/prod-de1ff514-7c62-4273-9283-fa09cba3be0b.jpg.1420x800.jpg,https://image1.ljcdn.com/x-se/hdic-frame/standard_565fbb4f-5afb-4926-8891-0daa9123aaa5.png.1066x800.jpg,https://image1.ljcdn.com/110000-inspection/prod-c9d0bd82-f174-4b7f-b519-680b7a6841e2.jpg.1420x800.jpg,https://image1.ljcdn.com/110000-inspection/prod-86ce77d5-a712-4819-ad12-95beb4573c98.jpg.1420x800.jpg,https://image1.ljcdn.com/110000-inspection/prod-7b7fe008-d1e5-4b0b-92f5-7a0d135d3742.jpg.1420x800.jpg,https://image1.ljcdn.com/110000-inspection/prod-2684075e-050c-448e-86a5-012b9ad16753.jpg.1420x800.jpg",有,2018-01-17,两梯三户,无抵押,非共有,2021-06-18,,精装,1230,14,商品房,124810
76.54,,丰开苑,西南,中楼层 (共18层),集中供暖,嘉园一里丰开苑，南三环，正规三居室_北京丰台马家堡丰开苑二手房(北京链家),,101111963039,3室1厅1厨1卫,普通住宅,满两年,,"https://image1.ljcdn.com/110000-inspection/pc0_25SetfMiz_1.jpg.1420x800.jpg,https://image1.ljcdn.com/110000-inspection/apc_Rjc5BRbUb_1.jpg.1420x800.jpg,https://image1.ljcdn.com/x-se/hdic-frame/standard_047f7a7b-9882-4696-b8dd-01c7a28e29a3.png.1066x800.jpg,https://image1.ljcdn.com/110000-inspection/apc_oLpTUcDO5_1.jpg.1420x800.jpg,https://image1.ljcdn.com/110000-inspection/pc0_fcPFjEeOY_1.jpg.1420x800.jpg,https://image1.ljcdn.com/110000-inspection/pc0_SnvWQjH3M_1.jpg.1420x800.jpg,https://image1.ljcdn.com/110000-inspection/pc0_RkFIOJHm7_1.jpg.1420x800.jpg",有,2019-06-18,两梯八户,无抵押,非共有,2021-06-17,,简装,560,18,已购公房,73165
135.17,,风度柏林,南,低楼层 (共22层),集中供暖,风度柏林3室2厅南_北京朝阳大望路风度柏林二手房(北京链家),,101111927300,3室2厅1厨2卫,普通住宅,满五年,,"https://image1.ljcdn.com/110000-inspection/pc0_lPSN1a2Qj_1.jpg.1420x800.jpg,https://image1.ljcdn.com/110000-inspection/pc0_8G9pyT5Xd_1.jpg.1420x800.jpg,https://image1.ljcdn.com/x-se/hdic-frame/standard_f07e1a78-af91-4454-aa5c-d107926e88e5.png.1066x800.jpg,https://image1.ljcdn.com/110000-inspection/pc0_SaIsspdzT_1.jpg.1420x800.jpg,https://image1.ljcdn.com/110000-inspection/pc0_rezEPhPZw_1.jpg.1420x800.jpg,https://image1.ljcdn.com/110000-inspection/8e89aa5b-5990-43c9-874f-64410f175512_1000.jpg.1420x800.jpg,https://image1.ljcdn.com/110000-inspection/pc0_Z5sa9M7hw_2.jpg.1420x800.jpg,https://image1.ljcdn.com/110000-inspection/c070d1b1-de25-4058-b5fb-1d4d9c741187_1000.jpg.1420x800.jpg",有,2015-12-24,三梯十户,无抵押,非共有,2021-06-14,,精装,1100,22,商品房,81380
76.12,,农光东里,东南 西南 西北,中楼层 (共18层),集中供暖,农光东里全明格局户型通透带电梯_北京朝阳劲松农光东里二手房(北京链家),,101111943126,2室2厅1厨1卫,普通住宅,满五年,,"https://image1.ljcdn.com/110000-inspection/pc0_ITzV1Dwpq_1.jpg.1420x800.jpg,https://image1.ljcdn.com/110000-inspection/pc0_2JKgViSFk_1.jpg.1420x800.jpg,https://image1.ljcdn.com/x-se/hdic-frame/standard_6ea94b48-048d-489c-8acd-6bf71e98897e.png.1066x800.jpg,https://image1.ljcdn.com/110000-inspection/pc0_KY670dMi5_1.jpg.1420x800.jpg,https://image1.ljcdn.com/110000-inspection/pc0_qOw3xvjyo_1.jpg.1420x800.jpg,https://image1.ljcdn.com/110000-inspection/pc0_wM8AkRu6n_1.jpg.1420x800.jpg,https://image1.ljcdn.com/110000-inspection/pc0_mnhh3bIBA_1.jpg.1420x800.jpg,https://image1.ljcdn.com/110000-inspection/pc0_cUhEVIbwU_1.jpg.1420x800.jpg",有,2013-09-12,两梯八户,有抵押70万元业主自还,非共有,2021-06-15,,精装,494,18,商品房,64898
114.93,,云龙家园,南 北,中楼层 (共6层),集中供暖,云龙家园中间楼层南北通透三居室_北京大兴旧宫云龙家园二手房(北京链家),,101111926852,3室1厅1厨2卫,普通住宅,满五年,,"https://image1.ljcdn.com/110000-inspection/pc1_i1rrA8H73_1.jpg.1420x800.jpg,https://image1.ljcdn.com/110000-inspection/pc0_piKpjP5Mm_1.jpg.1420x800.jpg,https://image1.ljcdn.com/110000-inspection/apc_koe66Z1r0_1.jpg.1420x800.jpg,https://image1.ljcdn.com/x-se/hdic-frame/standard_6bb53f40-599b-49e5-8001-1c59b57f445e.png.1066x800.jpg,https://image1.ljcdn.com/110000-inspection/apc_s2RCY2tlg_1.jpg.1420x800.jpg,https://image1.ljcdn.com/110000-inspection/apc_Vz3HQwju2_1.jpg.1420x800.jpg,https://image1.ljcdn.com/110000-inspection/pc0_UgLZYjNEp_1.jpg.1420x800.jpg,https://image1.ljcdn.com/110000-inspection/pc0_LGSTs31yg_1.jpg.1420x800.jpg",无,2004-09-15,一梯两户,无抵押,非共有,2021-06-14,,简装,500,6,商品房,43505
103.81,,今典花园,北,中楼层 (共20层),集中供暖,今典花园正规两居室双卫精装修_北京海淀小西天今典花园二手房(北京链家),,101111980471,2室1厅1厨2卫,普通住宅,满五年,,"https://image1.ljcdn.com/110000-inspection/pc0_67AJ5sMQ4_1.jpg.1420x800.jpg,https://image1.ljcdn.com/110000-inspection/pc0_65p8qcmpo_1.jpg.1420x800.jpg,https://image1.ljcdn.com/x-se/hdic-frame/standard_b7057e99-1964-48c7-97a4-a4d2cd53e314.png.1066x800.jpg,https://image1.ljcdn.com/110000-inspection/61038963-a3d3-4450-a3b3-d9144941cb48_1000.jpg.1420x800.jpg,https://image1.ljcdn.com/110000-inspection/pc0_LMk6MfbUq_1.jpg.1420x800.jpg,https://image1.ljcdn.com/110000-inspection/pc0_h9QjwCrAc_1.jpg.1420x800.jpg,https://image1.ljcdn.com/110000-inspection/pc0_olDoTS6O5_1.jpg.1420x800.jpg",有,2015-08-03,两梯八户,无抵押,非共有,2021-06-19,,精装,1050,20,商品房,101147
139.71,,百旺家苑,南 北,中楼层 (共4层),集中供暖,百旺家苑南北三居，满五年唯一，户型方正_北京海淀马连洼百旺家苑二手房(北京链家),,101111958883,3室2厅1厨2卫,普通住宅,满五年,,"https://image1.ljcdn.com/110000-inspection/pc0_0P1BkFuru_1.jpg.1420x800.jpg,https://image1.ljcdn.com/110000-inspection/pc0_A2E8FYZT7_1.jpg.1420x800.jpg,https://image1.ljcdn.com/x-se/hdic-frame/standard_a040950a-97b4-49e0-84e1-f2435be1c4f8.png.1066x800.jpg,https://image1.ljcdn.com/110000-inspection/pc0_Du0B44PSa_1.jpg.1420x800.jpg,https://image1.ljcdn.com/110000-inspection/pc0_Bk78vSb0D_1.jpg.1420x800.jpg,https://image1.ljcdn.com/110000-inspection/pc0_QodfSRljC_1.jpg.1420x800.jpg,https://image1.ljcdn.com/110000-inspection/pc0_NDEH0zknh_1.jpg.1420x800.jpg,https://image1.ljcdn.com/110000-inspection/pc0_Mtnh69tU2_1.jpg.1420x800.jpg,https://image1.ljcdn.com/110000-inspection/pc0_bBhQHt7mX_1.jpg.1420x800.jpg",无,2006-04-12,一梯两户,无抵押,非共有,2021-06-17,,简装,1230,4,商品房,88040
81.56,,定慧北里,南 北,中楼层 (共6层),集中供暖,定慧北里2室1厅南北_北京海淀定慧寺定慧北里二手房(北京链家),,101111967814,2室1厅1厨1卫,普通住宅,满五年,,"https://image1.ljcdn.com/110000-inspection/apc_GGfBLzl9h_1.jpg.1420x800.jpg,https://image1.ljcdn.com/110000-inspection/pc0_OCkeFENsZ_1.jpg.1420x800.jpg,https://image1.ljcdn.com/x-se/hdic-frame/standard_590053f4-9171-4893-8f98-754f6a11f326.png.1066x800.jpg,https://image1.ljcdn.com/110000-inspection/apc_vhAdvomPZ_1.jpg.1420x800.jpg,https://image1.ljcdn.com/110000-inspection/pc0_p3DhefEu9_1.jpg.1420x800.jpg,https://image1.ljcdn.com/110000-inspection/apc_JCfRNZG3P_1.jpg.1420x800.jpg,https://image1.ljcdn.com/110000-inspection/pc0_6GpLaRbjb_1.jpg.1420x800.jpg,https://image1.ljcdn.com/110000-inspection/pc0_biWaIc69b_1.jpg.1420x800.jpg",无,2010-07-21,一梯两户,无抵押,非共有,2021-06-17,,简装,796,6,已购公房,97597
122.76,97.57,丽都壹号,南 北,中楼层 (共22层),集中供暖,观景小区绿化园林可多贷款南北通透诚意出售_北京朝阳酒仙桥丽都壹号二手房(北京链家),,101111945500,3室2厅1厨2卫,普通住宅,满两年,,"https://image1.ljcdn.com/110000-inspection/pc0_9H1lcprT0_1.jpg.1420x800.jpg,https://image1.ljcdn.com/110000-inspection/pc0_YKmJUClj4_1.jpg.1420x800.jpg,https://image1.ljcdn.com/x-se/hdic-frame/standard_f2620d71-4fec-4507-8940-ec7558d8d299.png.1066x800.jpg,https://image1.ljcdn.com/110000-inspection/pc0_rjiJh5euc_1.jpg.1420x800.jpg,https://image1.ljcdn.com/110000-inspection/pc0_PzwMWtbKO_1.jpg.1420x800.jpg,https://image1.ljcdn.com/110000-inspection/pc0_qYkAuRAVB_1.jpg.1420x800.jpg,https://image1.ljcdn.com/110000-inspection/pc0_bZy32UNmv_1.jpg.1420x800.jpg,https://image1.ljcdn.com/110000-inspection/pc0_Iq3DKJXMZ_1.jpg.1420x800.jpg",有,2016-09-09,两梯三户,有抵押350万元业主自还,非共有,2021-06-15,,精装,1100,22,商品房,89606
139.54,125.16,奥林匹克花园四期,南 北,中楼层 (共10层),自供暖,奥林匹克花园四期，小区中间位置，满五唯一，中间位置_北京朝阳东坝奥林匹克花园四期二手房(北京链家),,101111974206,3室1厅1厨2卫,普通住宅,满五年,,"https://image1.ljcdn.com/110000-inspection/pc1_owS05BLSM_1.jpg.1420x800.jpg,https://image1.ljcdn.com/110000-inspection/apc_FblvQCBFn_1.jpg.1420x800.jpg,https://image1.ljcdn.com/110000-inspection/pc0_3Z20Fm1Ka_1.jpg.1420x800.jpg,https://image1.ljcdn.com/x-se/hdic-frame/standard_b84e52aa-764d-43c1-93fe-45c5ea836930.png.1066x800.jpg,https://image1.ljcdn.com/110000-inspection/pc0_SGaaOUHsg_1.jpg.1420x800.jpg,https://image1.ljcdn.com/110000-inspection/pc0_vOdrwEajq_1.jpg.1420x800.jpg,https://image1.ljcdn.com/110000-inspection/pc0_IJVNS53uM_1.jpg.1420x800.jpg,https://image1.ljcdn.com/110000-inspection/pc0_lA4pYGrbP_1.jpg.1420x800.jpg,https://image1.ljcdn.com/110000-inspection/pc0_wb3ELoW0V_1.jpg.1420x800.jpg",有,2011-08-30,一梯两户,无抵押,共有,2021-06-18,,精装,930,10,商品房,66648
102,,大有北里小区,南 北,低楼层 (共6层),集中供暖,中央党校家属院满五唯一4室2厅双明卫诚意出售_北京海淀马连洼大有北里小区二手房(北京链家),,101111969838,4室2厅1厨2卫,普通住宅,满两年,,"https://image1.ljcdn.com/110000-inspection/pc0_1CZapw9b2_1.jpg.1420x800.jpg,https://image1.ljcdn.com/110000-inspection/pc0_yFGYK2KvW_1.jpg.1420x800.jpg,https://image1.ljcdn.com/x-se/hdic-frame/standard_a27bbf88-7112-4f30-9836-d04b116bd470.png.1066x800.jpg,https://image1.ljcdn.com/110000-inspection/pc0_QqKz5W3Li_1.jpg.1420x800.jpg,https://image1.ljcdn.com/110000-inspection/pc0_YuUkxB3GV_1.jpg.1420x800.jpg,https://image1.ljcdn.com/110000-inspection/b1663be4-99d9-485b-9ab4-8694d70b39cd_1000.jpg.1420x800.jpg,https://image1.ljcdn.com/110000-inspection/pc0_pRo17yH9e_1.jpg.1420x800.jpg,https://image1.ljcdn.com/110000-inspection/pc0_mVpRMJ6ub_1.jpg.1420x800.jpg,https://image1.ljcdn.com/110000-inspection/pc0_n04wqHs6N_1.jpg.1420x800.jpg",有,2018-12-21,一梯两户,无抵押,非共有,2021-06-18,,简装,1500,6,央产房,147059
129.24,101.14,青年汇佳园,南 北,中楼层 (共13层),集中供暖,青年汇二期，南北三居室，四个阳台，满五年一套。可看_北京朝阳朝青青年汇佳园二手房(北京链家),,101111971633,3室1厅1厨2卫,普通住宅,满两年,,"https://image1.ljcdn.com/110000-inspection/pc1_42h5zYouS_1.jpg.1420x800.jpg,https://image1.ljcdn.com/110000-inspection/pc0_NkwvHe6DG_1.jpg.1420x800.jpg,https://image1.ljcdn.com/110000-inspection/pc0_R51SdND4i_2.jpg.1420x800.jpg,https://image1.ljcdn.com/x-se/hdic-frame/standard_24bbf659-3087-4216-809f-9529afae444d.png.1066x800.jpg,https://image1.ljcdn.com/110000-inspection/pc0_XwWX2YdQM_1.jpg.1420x800.jpg,https://image1.ljcdn.com/110000-inspection/pc0_bZ6s6Doio_2.jpg.1420x800.jpg,https://image1.ljcdn.com/110000-inspection/pc0_bMDVJWu8n_1.jpg.1420x800.jpg,https://image1.ljcdn.com/110000-inspection/pc0_ohB0vZJLP.jpg.1420x800.jpg,https://image1.ljcdn.com/110000-inspection/pc0_7yhWcWUsp.jpg.1420x800.jpg,https://image1.ljcdn.com/110000-inspection/pc0_OWhzBCQRt.jpg.1420x800.jpg",有,2018-11-22,两梯五户,无抵押,非共有,2021-06-18,,精装,985,13,商品房,76215
81.73,,安外大街,东南 南,中楼层 (共16层),集中供暖,东城和平里新上三居室精装修满五唯一94年带电梯_北京东城安贞安外大街二手房(北京链家),,101111964669,3室1厅1厨1卫,普通住宅,满五年,,"https://image1.ljcdn.com/110000-inspection/apc_Skun3PUkH_1.jpg.1420x800.jpg,https://image1.ljcdn.com/110000-inspection/pc0_6KfVoNbuK_1.jpg.1420x800.jpg,https://image1.ljcdn.com/x-se/hdic-frame/standard_b2da8fc0-9ffc-4915-9634-6129e7c9b907.png.1066x800.jpg,https://image1.ljcdn.com/110000-inspection/pc0_ChevszAgo_1.jpg.1420x800.jpg,https://image1.ljcdn.com/110000-inspection/apc_S1YrCw97M_1.jpg.1420x800.jpg,https://image1.ljcdn.com/110000-inspection/pc0_bOZPTczjV_1.jpg.1420x800.jpg,https://image1.ljcdn.com/110000-inspection/pc0_gFYlMWY4S_1.jpg.1420x800.jpg",有,2008-03-27,两梯十六户,无抵押,非共有,2021-06-17,,精装,970,16,已购公房,118684
56.7,,五路通北街3号院,南 北,中楼层 (共5层),集中供暖,满五年单位福利分房中间楼层两居带客厅_北京西城六铺炕五路通北街3号院二手房(北京链家),,101111926887,2室1厅1厨1卫,普通住宅,满五年,,"https://image1.ljcdn.com/110000-inspection/pc0_2s7QIxAdo_1.jpg.1420x800.jpg,https://image1.ljcdn.com/110000-inspection/pc0_bBsccQAMY_1.jpg.1420x800.jpg,https://image1.ljcdn.com/x-se/hdic-frame/standard_71607830-c4f7-434c-bfcd-0a458ed7372d.png.1066x800.jpg,https://image1.ljcdn.com/110000-inspection/pc0_ilYATyHc2_1.jpg.1420x800.jpg,https://image1.ljcdn.com/110000-inspection/pc0_qq6za1m00_1.jpg.1420x800.jpg,https://image1.ljcdn.com/110000-inspection/pc0_41N197cb7_1.jpg.1420x800.jpg,https://image1.ljcdn.com/110000-inspection/pc0_2HVMikVkh_1.jpg.1420x800.jpg",无,1999-03-03,一梯三户,无抵押,非共有,2021-06-14,,简装,966,5,已购公房,170371
141.96,116.22,润枫德尚苑,东,高楼层 (共21层),集中供暖,满五年唯一高层观景精装自住双卫格局超大落地飘窗_北京朝阳亚运村润枫德尚苑二手房(北京链家),,101111933642,2室1厅1厨2卫,普通住宅,满五年,,"https://image1.ljcdn.com/110000-inspection/pc1_iIecsoIGH_1.jpg.1420x800.jpg,https://image1.ljcdn.com/110000-inspection/pc0_sFYVGX46D_1.jpg.1420x800.jpg,https://image1.ljcdn.com/110000-inspection/pc0_VDhoulY62_1.jpg.1420x800.jpg,https://image1.ljcdn.com/x-se/hdic-frame/standard_74629656-2e1f-4252-bc75-28aa6e9f432f.png.1066x800.jpg,https://image1.ljcdn.com/110000-inspection/pc0_TsifOfAdv_1.jpg.1420x800.jpg,https://image1.ljcdn.com/110000-inspection/pc0_AYXtQmca6_1.jpg.1420x800.jpg,https://image1.ljcdn.com/110000-inspection/pc0_Yt2vplcXz_1.jpg.1420x800.jpg,https://image1.ljcdn.com/110000-inspection/pc0_Z1YvO7NZC_1.jpg.1420x800.jpg",有,2005-04-28,两梯五户,无抵押,非共有,2021-06-14,,精装,1120,21,商品房,78896
107.7,,龙泽苑西区,南 北,中楼层 (共7层),集中供暖,龙泽苑西区3室1厅南北_北京昌平回龙观龙泽苑西区二手房(北京链家),,101111929166,3室1厅1厨1卫,普通住宅,满两年,,"https://image1.ljcdn.com/110000-inspection/pc0_TyQeJrfJX_1.jpg.1420x800.jpg,https://image1.ljcdn.com/110000-inspection/pc0_4CFnfm4Fp_1.jpg.1420x800.jpg,https://image1.ljcdn.com/x-se/hdic-frame/standard_5cddd674-855d-49aa-8837-458622cee02f.png.1066x800.jpg,https://image1.ljcdn.com/110000-inspection/apc_5Vnk4It3U_1.jpg.1420x800.jpg,https://image1.ljcdn.com/110000-inspection/pc0_zCXb1PUju_1.jpg.1420x800.jpg,https://image1.ljcdn.com/110000-inspection/pc0_i8of8b9Ti_1.jpg.1420x800.jpg,https://image1.ljcdn.com/110000-inspection/pc0_xwWFL3ust_1.jpg.1420x800.jpg",无,2016-10-21,一梯两户,有抵押250万元业主自还,非共有,2021-06-14,,简装,582,7,商品房,54039
89.53,,梧桐苑栖凤园,南 北,中楼层 (共27层),集中供暖,龙兴南二路8号院精装修中高楼层_北京门头沟门头沟其它梧桐苑栖凤园二手房(北京链家),,101111736920,3室1厅1厨1卫,普通住宅,满两年,,"https://image1.ljcdn.com/110000-inspection/pc1_lBPxEDKVN_1.jpg.1420x800.jpg,https://image1.ljcdn.com/110000-inspection/pc0_PczBN8lJr_1.jpg.1420x800.jpg,https://image1.ljcdn.com/110000-inspection/pc0_HOy8qX4X8_1.jpg.1420x800.jpg,https://image1.ljcdn.com/x-se/hdic-frame/standard_fab5a6a4-bf7c-4fc1-bac8-89eee3d3f64c.png.1066x800.jpg,https://image1.ljcdn.com/110000-inspection/pc0_w9QgfxUcg_1.jpg.1420x800.jpg,https://image1.ljcdn.com/110000-inspection/pc0_CBLWXLZtd_1.jpg.1420x800.jpg,https://image1.ljcdn.com/110000-inspection/pc0_ITU65JIoT_1.jpg.1420x800.jpg,https://image1.ljcdn.com/110000-inspection/pc0_le2jaoyz5_1.jpg.1420x800.jpg",有,2018-06-07,两梯三户,无抵押,非共有,2021-05-28,,精装,429,27,商品房,47917
84.95,,首开知语城,西,低楼层 (共22层),自供暖,2009年小区户型方正采光好_北京朝阳望京首开知语城二手房(北京链家),,101111662358,2室1厅1厨1卫,普通住宅,满两年,,"https://image1.ljcdn.com/110000-inspection/pc1_gGqi5NKSg_1.jpg.1420x800.jpg,https://image1.ljcdn.com/110000-inspection/pc0_XfrDvKi5x_1.jpg.1420x800.jpg,https://image1.ljcdn.com/110000-inspection/pc0_wP6R1xNfF_1.jpg.1420x800.jpg,https://image1.ljcdn.com/x-se/hdic-frame/standard_fe66bfb0-e927-4d1a-b508-6a8cec4494d2.png.1066x800.jpg,https://image1.ljcdn.com/110000-inspection/pc0_fgGLjpnON_1.jpg.1420x800.jpg,https://image1.ljcdn.com/110000-inspection/pc0_5gKtgosFb_1.jpg.1420x800.jpg,https://image1.ljcdn.com/110000-inspection/pc0_mZI7hrdbo_2.jpg.1420x800.jpg,https://image1.ljcdn.com/110000-inspection/pc0_9pvxpDV8B_1.jpg.1420x800.jpg",有,2018-05-14,两梯八户,无抵押,共有,2021-05-21,,精装,750,22,商品房,88288
114.59,,东辰小区,西南 北,顶层 (共6层),集中供暖,两居价买三居满五唯一有钥匙随时看房_北京昌平立水桥东辰小区二手房(北京链家),,101111779756,3室1厅1厨1卫,普通住宅,满五年,,"https://image1.ljcdn.com/110000-inspection/pc1_NekziNN5e_1.jpg.1420x800.jpg,https://image1.ljcdn.com/110000-inspection/pc0_wW3q5ANhw_1.jpg.1420x800.jpg,https://image1.ljcdn.com/110000-inspection/pc0_rypv6R2cX_1.jpg.1420x800.jpg,https://image1.ljcdn.com/x-se/hdic-frame/standard_54bf2e59-dc92-414f-9fd6-6e29a81f6580.png.1066x800.jpg,https://image1.ljcdn.com/110000-inspection/pc0_blHy78ktx_1.jpg.1420x800.jpg,https://image1.ljcdn.com/110000-inspection/pc0_K2ixdsL9X_1.jpg.1420x800.jpg,https://image1.ljcdn.com/110000-inspection/pc0_Gx06revlQ_1.jpg.1420x800.jpg,https://image1.ljcdn.com/110000-inspection/pc0_mLDIXxZj0_1.jpg.1420x800.jpg,https://image1.ljcdn.com/110000-inspection/7f052ee2-df6b-4ce5-b500-50b62ce8556d_1000.jpg.1420x800.jpg",无,1999-01-07,一梯两户,无抵押,非共有,2021-06-01,,简装,448,6,已购公房,39096
70.32,,小南庄社区,南 北,中楼层 (共6层),集中供暖,小南庄中间层精装三居不临街满五年唯一商品房_北京海淀苏州桥小南庄社区二手房(北京链家),,101111983611,3室1厅1厨1卫,普通住宅,满五年,,"https://image1.ljcdn.com/110000-inspection/pc0_2NoXVwGMI_1.jpg.1420x800.jpg,https://image1.ljcdn.com/110000-inspection/pc0_OExIEhc9w_1.jpg.1420x800.jpg,https://image1.ljcdn.com/x-se/hdic-frame/standard_832afd7c-5a82-428e-aab3-08e8c99c6586.png.1066x800.jpg,https://image1.ljcdn.com/110000-inspection/pc0_zHn40h2WA_1.jpg.1420x800.jpg,https://image1.ljcdn.com/110000-inspection/pc0_lpaqNgKw7_1.jpg.1420x800.jpg,https://image1.ljcdn.com/110000-inspection/pc0_7Z69ucS0i_1.jpg.1420x800.jpg,https://image1.ljcdn.com/110000-inspection/pc0_GSN7VQ1SR_1.jpg.1420x800.jpg",无,2009-03-13,一梯两户,无抵押,非共有,2021-06-19,,精装,890,6,商品房,126565
54.4,,皂君西里,南 北,顶层 (共6层),集中供暖,联想桥魏公村大钟寺皂君庙满五唯一黄花li实木家具_北京海淀皂君庙皂君西里二手房(北京链家),,101111977368,2室1厅1厨1卫,普通住宅,满五年,,"https://image1.ljcdn.com/110000-inspection/pc0_vKZpfd3Cl_1.jpg.1420x800.jpg,https://image1.ljcdn.com/110000-inspection/apc_bwaWRa42W_1.jpg.1420x800.jpg,https://image1.ljcdn.com/x-se/hdic-frame/standard_35601f34-df83-4256-a131-fb2827ce8f41.png.1066x800.jpg,https://image1.ljcdn.com/110000-inspection/pc0_mu7DzpQrq_1.jpg.1420x800.jpg,https://image1.ljcdn.com/110000-inspection/pc0_wAkBmzjVX_1.jpg.1420x800.jpg",无,2011-10-25,一梯两户,无抵押,非共有,2021-06-18,,其他,638,6,已购公房,117280
65.73,,康泽园,东北,底层 (共6层),集中供暖,康泽园2室1厅东北_北京丰台赵公口康泽园二手房(北京链家),,101111909126,2室1厅1厨1卫,普通住宅,满五年,,"https://image1.ljcdn.com/110000-inspection/pc1_2McYGI5Co_1.jpg.1420x800.jpg,https://image1.ljcdn.com/110000-inspection/pc0_SBWhOjr9n_1.jpg.1420x800.jpg,https://image1.ljcdn.com/110000-inspection/pc0_f8pMav0Zs_1.jpg.1420x800.jpg,https://image1.ljcdn.com/x-se/hdic-frame/standard_dc9c9e77-25de-490b-b4a4-5d06255001b9.png.1066x800.jpg,https://image1.ljcdn.com/110000-inspection/pc0_vMhOIK4sB_1.jpg.1420x800.jpg,https://image1.ljcdn.com/110000-inspection/pc0_WnXdOoB0O_1.jpg.1420x800.jpg,https://image1.ljcdn.com/110000-inspection/pc0_XAZ2DlVcX_1.jpg.1420x800.jpg,https://image1.ljcdn.com/110000-inspection/pc0_3dCzvGkuk_1.jpg.1420x800.jpg,https://image1.ljcdn.com/110000-inspection/pc0_gmtWbP2zf_1.jpg.1420x800.jpg",无,2013-02-18,一梯三户,无抵押,非共有,2021-06-12,,简装,335,6,商品房,50967
88.12,,兴隆家园,南,高楼层 (共24层),集中供暖,兴隆家园全南两居高楼层视野采光好精装修_北京朝阳高碑店兴隆家园二手房(北京链家),,101111945423,2室1厅1厨1卫,普通住宅,满五年,,"https://image1.ljcdn.com/110000-inspection/pc0_J7kcL9MUa_1.jpg.1420x800.jpg,https://image1.ljcdn.com/110000-inspection/pc0_tVpqxnLeJ_1.jpg.1420x800.jpg,https://image1.ljcdn.com/x-se/hdic-frame/standard_d70fab4e-4de6-4887-8dce-8e22b52cb85c.png.1066x800.jpg,https://image1.ljcdn.com/110000-inspection/pc0_u8tGqFi7U_1.jpg.1420x800.jpg,https://image1.ljcdn.com/110000-inspection/pc0_t6bHlIIFr_1.jpg.1420x800.jpg,https://image1.ljcdn.com/110000-inspection/pc0_zjI3XzXTH_1.jpg.1420x800.jpg",有,2010-03-16,三梯十二户,无抵押,非共有,2021-06-15,,精装,580,24,商品房,65820
74.2,,车道沟南里,南,中楼层 (共21层),集中供暖,紫竹桥车道沟南里带电梯楼龄新_北京海淀紫竹桥车道沟南里二手房(北京链家),,101111982117,3室0厅1厨1卫,普通住宅,满五年,,"https://image1.ljcdn.com/110000-inspection/pc0_7P7s6Gbw0_1.jpg.1420x800.jpg,https://image1.ljcdn.com/110000-inspection/pc0_6acWmqClZ_1.jpg.1420x800.jpg,https://image1.ljcdn.com/x-se/hdic-frame/standard_4bd88de3-5567-4a2e-a772-a9dc4691928b.png.1066x800.jpg,https://image1.ljcdn.com/110000-inspection/pc0_PYsz4NXlC_1.jpg.1420x800.jpg,https://image1.ljcdn.com/110000-inspection/pc0_eZ472UCyg_1.jpg.1420x800.jpg,https://image1.ljcdn.com/110000-inspection/pc0_coYsnvuck_1.jpg.1420x800.jpg",有,2010-05-21,两梯七户,无抵押,非共有,2021-06-19,,简装,810,21,已购公房,109165
295.1,249.47,星河湾朗园,南 北,中楼层 (共30层),自供暖,星河湾朗园高层四居室视野开阔南北通透精装修_北京朝阳朝青星河湾朗园二手房(北京链家),,101111778602,4室1厅2厨4卫,普通住宅,满两年,,"https://image1.ljcdn.com/110000-inspection/pc0_USo84TKgR_1.jpg.1420x800.jpg,https://image1.ljcdn.com/110000-inspection/pc0_fCAJHKqCj_1.jpg.1420x800.jpg,https://image1.ljcdn.com/x-se/hdic-frame/standard_dd6cbb49-6b3a-4808-9964-d3828eaa7fc6.png.1066x800.jpg,https://image1.ljcdn.com/110000-inspection/pc0_a3MThxaBY_1.jpg.1420x800.jpg,https://image1.ljcdn.com/110000-inspection/pc0_thV6Ufb7T_1.jpg.1420x800.jpg,https://image1.ljcdn.com/110000-inspection/pc0_2YEbTD6ab_1.jpg.1420x800.jpg,https://image1.ljcdn.com/110000-inspection/pc0_fhIbYL0QY_1.jpg.1420x800.jpg,https://image1.ljcdn.com/110000-inspection/pc0_4PRjpe2v8_1.jpg.1420x800.jpg,https://image1.ljcdn.com/110000-inspection/pc0_G15JybnLr_1.jpg.1420x800.jpg,https://image1.ljcdn.com/110000-inspection/pc0_7bLOAurUF.jpg.1420x800.jpg,https://image1.ljcdn.com/110000-inspection/pc0_mNcM6YWsa_1.jpg.1420x800.jpg,https://image1.ljcdn.com/110000-inspection/pc0_VHVomcCk6.jpg.1420x800.jpg,https://image1.ljcdn.com/110000-inspection/pc0_PzotABXb1_1.jpg.1420x800.jpg",有,2016-10-17,两梯两户,有抵押700万元天津银行大兴支行业主自还,共有,2021-06-01,,精装,2990,30,商品房,101322
106.68,82.97,宝星园一区,西南,高楼层 (共24层),自供暖,宝星园一区正规两居室中高层，满五年唯一诚意出售。_北京朝阳望京宝星园一区二手房(北京链家),,101111908962,2室1厅1厨1卫,普通住宅,满五年,,"https://image1.ljcdn.com/110000-inspection/pc1_vgSwV2zEi_1.jpg.1420x800.jpg,https://image1.ljcdn.com/110000-inspection/pc0_xxSta155v_1.jpg.1420x800.jpg,https://image1.ljcdn.com/110000-inspection/pc0_tPf1TIK9n_1.jpg.1420x800.jpg,https://image1.ljcdn.com/x-se/hdic-frame/standard_0a31a175-e662-41cf-9e0a-cfeb06a219fa.png.1066x800.jpg,https://image1.ljcdn.com/110000-inspection/pc0_CcK08nxXj_1.jpg.1420x800.jpg,https://image1.ljcdn.com/110000-inspection/pc0_sZ6SYqmd5_1.jpg.1420x800.jpg,https://image1.ljcdn.com/110000-inspection/pc0_MVjPSOhtw_1.jpg.1420x800.jpg,https://image1.ljcdn.com/110000-inspection/pc0_VHVexu7oA_1.jpg.1420x800.jpg,https://image1.ljcdn.com/110000-inspection/pc0_hNx6pOSXS_1.jpg.1420x800.jpg",有,2007-04-23,两梯六户,无抵押,非共有,2021-06-12,,简装,910,24,商品房,85302
227.74,,蓬莱苑M区,南 北,底层 (共3层),集中供暖,未来科学城联排别墅前后花园80平精装修自住房_北京昌平北七家蓬莱苑M区二手房(北京链家),,101111789971,5室2厅1厨3卫,公寓/住宅,满五年,,"https://image1.ljcdn.com/110000-inspection/apc_f6JPtk0Ob_1.jpg.1420x800.jpg,https://image1.ljcdn.com/110000-inspection/pc0_tEcNScD2T_1.jpg.1420x800.jpg,https://image1.ljcdn.com/x-se/hdic-frame/standard_01168ef4-9465-4e2d-a53f-c7c51d52f9aa.png.1066x800.jpg,https://image1.ljcdn.com/110000-inspection/apc_w6oG1rgB5_1.jpg.1420x800.jpg,https://image1.ljcdn.com/110000-inspection/apc_y8ddbxhwt_1.jpg.1420x800.jpg,https://image1.ljcdn.com/110000-inspection/apc_qR1hdLEis_1.jpg.1420x800.jpg,https://image1.ljcdn.com/110000-inspection/apc_xVfbTPZgG_1.jpg.1420x800.jpg,https://image1.ljcdn.com/110000-inspection/apc_9R0j32BO0_1.jpg.1420x800.jpg,https://image1.ljcdn.com/110000-inspection/apc_JqRBziYq1_1.jpg.1420x800.jpg,https://image1.ljcdn.com/110000-inspection/apc_ZiFe2pDMC_1.jpg.1420x800.jpg,https://image1.ljcdn.com/110000-inspection/apc_sW983hFPf_1.jpg.1420x800.jpg,https://image1.ljcdn.com/110000-inspection/apc_ikSGbhoGX_1.jpg.1420x800.jpg,https://image1.ljcdn.com/110000-inspection/pc0_9el5q6H3i_1.jpg.1420x800.jpg,https://image1.ljcdn.com/110000-inspection/pc0_LROIgHWh3_1.jpg.1420x800.jpg,https://image1.ljcdn.com/110000-inspection/pc0_Cqgn0jf0N_1.jpg.1420x800.jpg,https://image1.ljcdn.com/110000-inspection/pc0_ZaJQi0Cdg_1.jpg.1420x800.jpg",无,2009-08-07,一梯八户,无抵押,非共有,2021-06-02,,精装,950,3,商品房,41715
119.57,,南湖中园二区,东 西,高楼层 (共7层),集中供暖,南湖中园二区望京地铁复式五居室满五唯一_北京朝阳望京南湖中园二区二手房(北京链家),,101111779522,5室2厅1厨2卫,普通住宅,满五年,,"https://image1.ljcdn.com/110000-inspection/pc0_GdkJsfABf_1.jpg.1420x800.jpg,https://image1.ljcdn.com/110000-inspection/pc0_chiSY2YcQ_1.jpg.1420x800.jpg,https://image1.ljcdn.com/x-se/hdic-frame/standard_1d63eae0-b6c0-4676-bf30-6230e2710326.png.1066x800.jpg,https://image1.ljcdn.com/110000-inspection/pc0_WAul6jT8A_1.jpg.1420x800.jpg,https://image1.ljcdn.com/110000-inspection/pc0_7bBXJQDVA_1.jpg.1420x800.jpg,https://image1.ljcdn.com/110000-inspection/pc0_gMxmOwUJD_1.jpg.1420x800.jpg,https://image1.ljcdn.com/110000-inspection/pc0_a588E0UWq_1.jpg.1420x800.jpg,https://image1.ljcdn.com/110000-inspection/pc0_LgEuESCoi_1.jpg.1420x800.jpg,https://image1.ljcdn.com/110000-inspection/pc0_Hyqj8exkA_1.jpg.1420x800.jpg,https://image1.ljcdn.com/110000-inspection/pc0_uOFJCGNMp_1.jpg.1420x800.jpg,https://image1.ljcdn.com/110000-inspection/pc0_XRVyoA7ur_1.jpg.1420x800.jpg,https://image1.ljcdn.com/110000-inspection/pc0_m6JeZweNY_1.jpg.1420x800.jpg,https://image1.ljcdn.com/110000-inspection/pc0_Cva4IVjgv_1.jpg.1420x800.jpg,https://image1.ljcdn.com/110000-inspection/pc0_rCo4TJLW4_1.jpg.1420x800.jpg,https://image1.ljcdn.com/110000-inspection/pc0_H5F38LN3M_1.jpg.1420x800.jpg",无,2013-08-07,一梯两户,无抵押,非共有,2021-06-01,,精装,679,7,已购公房,56787
174.28,138.28,东湖湾二期,南 北,中楼层 (共28层),自供暖,东湖湾精装三居室临河观景南北通透_北京朝阳望京东湖湾二期二手房(北京链家),,101111731733,3室2厅1厨2卫,普通住宅,满五年,,"https://image1.ljcdn.com/110000-inspection/pc0_3phUCMEhl_1.jpg.1420x800.jpg,https://image1.ljcdn.com/110000-inspection/pc0_CXQ8ip5Tv_1.jpg.1420x800.jpg,https://image1.ljcdn.com/x-se/hdic-frame/standard_c0bb885a-1bf0-4f70-a347-918d6429adff.png.1066x800.jpg,https://image1.ljcdn.com/110000-inspection/pc0_6Kxw8gifT_1.jpg.1420x800.jpg,https://image1.ljcdn.com/110000-inspection/pc0_PLf0WTeZc_1.jpg.1420x800.jpg,https://image1.ljcdn.com/110000-inspection/pc0_HEZnFJeEb_1.jpg.1420x800.jpg,https://image1.ljcdn.com/110000-inspection/pc0_vAVyyZynh_1.jpg.1420x800.jpg,https://image1.ljcdn.com/110000-inspection/pc0_GoGlT5yFM_1.jpg.1420x800.jpg,https://image1.ljcdn.com/110000-inspection/pc0_LuWWPjXn4_2.jpg.1420x800.jpg,https://image1.ljcdn.com/110000-inspection/pc0_4H1sRS8ZT_1.jpg.1420x800.jpg,https://image1.ljcdn.com/110000-inspection/pc0_elB3W4lE6_1.jpg.1420x800.jpg,https://image1.ljcdn.com/110000-inspection/pc0_gGXgslAYU_1.jpg.1420x800.jpg",有,2011-10-27,两梯两户,无抵押,非共有,2021-05-28,,精装,2388,28,商品房,137021
162.7,136.47,碧水云天,南 北,低楼层 (共12层),集中供暖,碧水云天南北三居室明厨明卫采光好无遮挡诚意出售_北京海淀万柳碧水云天二手房(北京链家),,101111710460,3室2厅1厨2卫,普通住宅,满五年,,"https://image1.ljcdn.com/110000-inspection/8184f15a-5a9a-4033-b1fe-2f8e1c34e335_1000.jpg.1420x800.jpg,https://image1.ljcdn.com/110000-inspection/25b997a3-84b4-432a-8c42-5f871266e142_1000.jpg.1420x800.jpg,https://image1.ljcdn.com/110000-inspection/pc0_ErGr1pK66_1.jpg.1420x800.jpg,https://image1.ljcdn.com/x-se/hdic-frame/standard_0cab29b4-e094-437b-91bb-26db9a6f274c.png.1066x800.jpg,https://image1.ljcdn.com/110000-inspection/6dfb3fa3-ca52-4e62-a25b-1c24951d7ca6_1000.jpg.1420x800.jpg,https://image1.ljcdn.com/110000-inspection/df2ada01-68ea-4c03-be87-b4e49429147e_1000.jpg.1420x800.jpg,https://image1.ljcdn.com/110000-inspection/257ec4ed-bab6-43f7-82b6-dccb0f045238_1000.jpg.1420x800.jpg,https://image1.ljcdn.com/110000-inspection/pc0_7J3cG2HcQ_1.jpg.1420x800.jpg,https://image1.ljcdn.com/110000-inspection/ebc79a5f-524f-48e1-8d24-5ae7a163a5b8_1000.jpg.1420x800.jpg,https://image1.ljcdn.com/110000-inspection/5c1be3e8-4629-4ef1-a866-a2cacfb1a7d4_1000.jpg.1420x800.jpg,https://image1.ljcdn.com/110000-inspection/pc0_dr11eeEaz_1.jpg.1420x800.jpg,https://image1.ljcdn.com/110000-inspection/pc0_7H1J8Jp9G_1.jpg.1420x800.jpg,https://image1.ljcdn.com/110000-inspection/57dc9bf3-2201-4b9a-8b56-5dee2f80f0f2_1000.jpg.1420x800.jpg",有,2006-03-29,一梯两户,有抵押500万元中国工商银行,非共有,2021-05-26,,精装,2800,12,商品房,172096
256.94,212.6,时代芳群,南,中楼层 (共30层),自供暖,时代芳群四居室，诚心出售，中间楼层_北京丰台方庄时代芳群二手房(北京链家),,101111823496,4室2厅1厨3卫,普通住宅,满五年,,"https://image1.ljcdn.com/110000-inspection/7c08a25c-1404-4e2a-a564-5c563a5153a5_1000.jpg.1420x800.jpg,https://image1.ljcdn.com/110000-inspection/6ab1f4f1-33f3-4648-8bf6-8cd1d2fa5e8b_1000.jpg.1420x800.jpg,https://image1.ljcdn.com/x-se/hdic-frame/standard_b9bf73b5-c133-4407-9dff-6474100eff69.png.1066x800.jpg,https://image1.ljcdn.com/110000-inspection/pc0_q876s2Is4_1.jpg.1420x800.jpg,https://image1.ljcdn.com/110000-inspection/pc0_hwKMttxpK_1.jpg.1420x800.jpg,https://image1.ljcdn.com/110000-inspection/pc0_IGuZFM5xy_1.jpg.1420x800.jpg,https://image1.ljcdn.com/110000-inspection/pc0_eUGpI4NED_1.jpg.1420x800.jpg,https://image1.ljcdn.com/110000-inspection/7965db5b-36f5-4236-b4f6-2e41c5e85c2e_1000.jpg.1420x800.jpg,https://image1.ljcdn.com/110000-inspection/7939bccf-1e0f-449b-86bf-60c47092c799_1000.jpg.1420x800.jpg,https://image1.ljcdn.com/110000-inspection/pc0_L9LcoqgOD_1.jpg.1420x800.jpg,https://image1.ljcdn.com/110000-inspection/pc0_OIwYOiCXE_1.jpg.1420x800.jpg,https://image1.ljcdn.com/110000-inspection/pc0_AdVJzXp4S_1.jpg.1420x800.jpg",有,2014-05-16,两梯三户,有抵押950万元,非共有,2021-06-05,,精装,1730,30,商品房,67331
138.18,103.52,融科橄榄城三期,南 北,中楼层 (共24层),集中供暖,融科橄榄城三期双卧南向三居室中间楼层_北京朝阳望京融科橄榄城三期二手房(北京链家),,101111772664,3室2厅1厨2卫,普通住宅,满五年,,"https://image1.ljcdn.com/110000-inspection/pc1_wwAaJuVsD_1.jpg.1420x800.jpg,https://image1.ljcdn.com/110000-inspection/pc0_vlwlUNXxk_1.jpg.1420x800.jpg,https://image1.ljcdn.com/110000-inspection/pc0_52TsNdKGl_1.jpg.1420x800.jpg,https://image1.ljcdn.com/x-se/hdic-frame/standard_e9cc0a1e-9954-4fb3-8872-1b2cb22008c4.png.1066x800.jpg,https://image1.ljcdn.com/110000-inspection/pc0_BxMJW6I2W_1.jpg.1420x800.jpg,https://image1.ljcdn.com/110000-inspection/pc0_TrPann9K9_1.jpg.1420x800.jpg,https://image1.ljcdn.com/110000-inspection/pc0_znsqc4Y5L_1.jpg.1420x800.jpg,https://image1.ljcdn.com/110000-inspection/pc0_dh0bDjs89_1.jpg.1420x800.jpg,https://image1.ljcdn.com/110000-inspection/pc0_fhUcEVzTf_1.jpg.1420x800.jpg,https://image1.ljcdn.com/110000-inspection/pc0_oGrE5PKkP_1.jpg.1420x800.jpg,https://image1.ljcdn.com/110000-inspection/pc0_o1yPxAEIY_1.jpg.1420x800.jpg,https://image1.ljcdn.com/110000-inspection/pc0_H4ExRpEMV_1.jpg.1420x800.jpg",有,2009-06-27,两梯三户,无抵押,非共有,2021-06-01,,精装,1690,24,商品房,122305
161.49,,王府花园,简装,底层 (共3层),,王府花园联排别墅无遮挡，采光好，户型好_北京昌平北七家王府花园二手房(北京链家),,101111773526,3室2厅1厨2卫,别墅,满五年,,"https://image1.ljcdn.com/110000-inspection/pc0_S4xP7lqnv_1.jpg.1420x800.jpg,https://image1.ljcdn.com/110000-inspection/pc0_nDI2KgZrl_1.jpg.1420x800.jpg,https://image1.ljcdn.com/x-se/hdic-frame/standard_a25a6ecc-c053-4f23-8549-fb91f44e0f88.png.1066x800.jpg,https://image1.ljcdn.com/110000-inspection/pc0_PRqxEpRok_1.jpg.1420x800.jpg,https://image1.ljcdn.com/110000-inspection/pc0_aKuDk2Wf7_1.jpg.1420x800.jpg,https://image1.ljcdn.com/110000-inspection/pc0_xkPHtlWwE_1.jpg.1420x800.jpg,https://image1.ljcdn.com/110000-inspection/apc_KCR8MZx6l_1.jpg.1420x800.jpg,https://image1.ljcdn.com/110000-inspection/pc0_3ADwIq6Nt_1.jpg.1420x800.jpg,https://image1.ljcdn.com/110000-inspection/pc0_RQPaArvtk_1.jpg.1420x800.jpg,https://image1.ljcdn.com/110000-inspection/pc0_9NahS1ooB_1.jpg.1420x800.jpg,https://image1.ljcdn.com/110000-inspection/pc0_kepvMkeXa_1.jpg.1420x800.jpg,https://image1.ljcdn.com/110000-inspection/pc0_XuTSvu056_1.jpg.1420x800.jpg",,2000-07-11,,无抵押,非共有,2021-06-01,,自供暖,650,3,商品房,40251
125.23,,中海城北区,南 北,中楼层 (共11层),集中供暖,中海城风情苑北区，10号线地铁口，中间位置双明卫_北京朝阳成寿寺中海城北区二手房(北京链家),,101111706461,3室1厅1厨2卫,普通住宅,满五年,,"https://image1.ljcdn.com/110000-inspection/pc0_Yu0vXseCO_1.jpg.1420x800.jpg,https://image1.ljcdn.com/110000-inspection/pc0_a7sK6PWhl_1.jpg.1420x800.jpg,https://image1.ljcdn.com/x-se/hdic-frame/standard_5851d1fa-6172-4eaf-88fa-e629af7cb661.png.1066x800.jpg,https://image1.ljcdn.com/110000-inspection/apc_PQX76VmNK_1.jpg.1420x800.jpg,https://image1.ljcdn.com/110000-inspection/pc0_Nj49i0LkB_1.jpg.1420x800.jpg,https://image1.ljcdn.com/110000-inspection/pc0_VwzpAszK5_1.jpg.1420x800.jpg,https://image1.ljcdn.com/110000-inspection/pc0_U7Xfyspb9_1.jpg.1420x800.jpg,https://image1.ljcdn.com/110000-inspection/pc0_MwwKDeIO8_1.jpg.1420x800.jpg,https://image1.ljcdn.com/110000-inspection/pc0_3eMjofkWA_1.jpg.1420x800.jpg,https://image1.ljcdn.com/110000-inspection/pc0_5xlQSa69X_1.jpg.1420x800.jpg,https://image1.ljcdn.com/110000-inspection/pc0_8WYZfBWIZ_1.jpg.1420x800.jpg",有,2016-02-26,一梯两户,无抵押,非共有,2021-05-26,,精装,985,11,商品房,78656
188.79,,天秀花园古月园,南 北,中楼层 (共7层),自供暖,天秀花园古月园大4居小区业主诚意出售_北京海淀马连洼天秀花园古月园二手房(北京链家),,101102769100,4室2厅1厨2卫,普通住宅,满五年,,"https://image1.ljcdn.com/110000-inspection/pc1_WAYXsmtLJ_2.jpg.1420x800.jpg,https://image1.ljcdn.com/110000-inspection/b804732a-c7a8-46df-a006-fb3353b81f3f_1000.jpg.1420x800.jpg,https://image1.ljcdn.com/110000-inspection/pc0_6aTErxqpj_1.jpg.1420x800.jpg,https://image1.ljcdn.com/x-se/hdic-frame/standard_f36c24d2-3338-49b2-8727-168646ea23ad.png.1066x800.jpg,https://image1.ljcdn.com/110000-inspection/pc0_mrjHzLv4z_1.jpg.1420x800.jpg,https://image1.ljcdn.com/110000-inspection/pc0_dQ9JlQ1ro_1.jpg.1420x800.jpg,https://image1.ljcdn.com/110000-inspection/pc0_IcvA2uBKQ_1.jpg.1420x800.jpg,https://image1.ljcdn.com/110000-inspection/pc0_dFiiLAzba_1.jpg.1420x800.jpg,https://image1.ljcdn.com/110000-inspection/pc0_9oIvCxuVx_1.jpg.1420x800.jpg,https://image1.ljcdn.com/110000-inspection/pc0_MPhQLP1Vz_1.jpg.1420x800.jpg,https://image1.ljcdn.com/110000-inspection/pc0_7daAmZvGd_1.jpg.1420x800.jpg",有,2012-08-08,一梯两户,无抵押,非共有,2018-04-14,,精装,1590,7,商品房,84221
91.73,,望京新城,西南,中楼层 (共27层),集中供暖,高层方正西南两居精装领包入住_北京朝阳望京望京新城二手房(北京链家),,101111957435,2室1厅1厨1卫,普通住宅,满五年,,"https://image1.ljcdn.com/110000-inspection/pc0_FJjBp43kJ_1.jpg.1420x800.jpg,https://image1.ljcdn.com/110000-inspection/pc0_BITf7piRX_1.jpg.1420x800.jpg,https://image1.ljcdn.com/x-se/hdic-frame/standard_3f97c766-8835-40ee-9151-e42f2cbb8807.png.1066x800.jpg,https://image1.ljcdn.com/110000-inspection/pc0_8YdqR9VXk_1.jpg.1420x800.jpg,https://image1.ljcdn.com/110000-inspection/pc0_Ilx28t6XJ_1.jpg.1420x800.jpg,https://image1.ljcdn.com/110000-inspection/pc0_NYRuTBumM_1.jpg.1420x800.jpg,https://image1.ljcdn.com/110000-inspection/pc0_ttKbAa2Kb_1.jpg.1420x800.jpg,https://image1.ljcdn.com/110000-inspection/pc0_dncOT9GZ2_1.jpg.1420x800.jpg",有,2016-05-31,三梯十二户,有抵押150万元客户偿还,非共有,2021-06-17,,精装,705,27,商品房,76856
141.59,,罗马花园,南 西,中楼层 (共26层),集中供暖,四环内罗马花园2居落地窗采光好全明格局近地铁_北京朝阳惠新西街罗马花园二手房(北京链家),,101111975468,2室1厅1厨2卫,普通住宅,满五年,,"https://image1.ljcdn.com/110000-inspection/pc0_KICr9w00g_1.jpg.1420x800.jpg,https://image1.ljcdn.com/110000-inspection/pc0_Lbie6ISCO_1.jpg.1420x800.jpg,https://image1.ljcdn.com/x-se/hdic-frame/standard_8b2ad601-30b0-4902-99ca-2c14f64c5bd6.png.1066x800.jpg,https://image1.ljcdn.com/110000-inspection/pc0_2qdAqJVsw_1.jpg.1420x800.jpg,https://image1.ljcdn.com/110000-inspection/pc0_HPSjX3yJJ_1.jpg.1420x800.jpg,https://image1.ljcdn.com/110000-inspection/pc0_h8AtjsIRR_1.jpg.1420x800.jpg,https://image1.ljcdn.com/110000-inspection/pc0_2dJUIKTjY_1.jpg.1420x800.jpg",有,2004-08-23,两梯四户,无抵押,非共有,2021-06-18,,简装,950,26,商品房,67096
107.81,89.8,慧谷阳光,南 北,高楼层 (共12层),集中供暖,慧谷阳光南北通透无遮挡，满五年唯一精装修两居_北京朝阳望京慧谷阳光二手房(北京链家),,101111967798,2室2厅1厨2卫,普通住宅,满五年,,"https://image1.ljcdn.com/110000-inspection/pc0_kU2q3nPFA_1.jpg.1420x800.jpg,https://image1.ljcdn.com/110000-inspection/pc0_3zow8sPfd_1.jpg.1420x800.jpg,https://image1.ljcdn.com/x-se/hdic-frame/standard_0e99e751-4cc2-4907-8f21-c97710a267e1.png.1066x800.jpg,https://image1.ljcdn.com/110000-inspection/pc0_p0c9EoiI4_1.jpg.1420x800.jpg,https://image1.ljcdn.com/110000-inspection/pc0_05G0tUL8m_1.jpg.1420x800.jpg,https://image1.ljcdn.com/110000-inspection/pc0_wSHVjk4ra_1.jpg.1420x800.jpg,https://image1.ljcdn.com/110000-inspection/pc0_jNYLrVbFt_1.jpg.1420x800.jpg,https://image1.ljcdn.com/110000-inspection/pc0_N9juItmiY_1.jpg.1420x800.jpg,https://image1.ljcdn.com/110000-inspection/pc0_nd68Va8YV_1.jpg.1420x800.jpg,https://image1.ljcdn.com/110000-inspection/pc0_sUajlLneC_1.jpg.1420x800.jpg",有,2004-10-18,一梯两户,无抵押,非共有,2021-06-17,,精装,1100,12,商品房,102032
104.81,,华严北里小区,南 北,中楼层 (共6层),集中供暖,四环内院中院无浪费面积满五唯一居家精装可签约_北京朝阳健翔桥华严北里小区二手房(北京链家),,101111956504,3室2厅1厨2卫,普通住宅,满五年,,"https://image1.ljcdn.com/110000-inspection/pc0_XQKql6WNN_2.jpg.1420x800.jpg,https://image1.ljcdn.com/110000-inspection/pc0_wLYslPH6j_1.jpg.1420x800.jpg,https://image1.ljcdn.com/x-se/hdic-frame/standard_e225a5f1-ba21-4fc3-a765-5c658b594ec1.png.1066x800.jpg,https://image1.ljcdn.com/110000-inspection/pc0_0hxjKQRbD_1.jpg.1420x800.jpg,https://image1.ljcdn.com/110000-inspection/pc0_Aw1MuEjNI_1.jpg.1420x800.jpg,https://image1.ljcdn.com/110000-inspection/pc0_jEcD3IboK_1.jpg.1420x800.jpg,https://image1.ljcdn.com/110000-inspection/pc0_yrSEvHhb7_1.jpg.1420x800.jpg,https://image1.ljcdn.com/110000-inspection/pc0_bEkeylRIl_1.jpg.1420x800.jpg",无,2015-08-27,一梯两户,有抵押196万元,非共有,2021-06-16,,精装,950,6,商品房,90641
80.07,66.97,世安家园,西北,中楼层 (共24层),集中供暖,世安家园两居室，精装修，看房方便，户型方正_北京朝阳望京世安家园二手房(北京链家),,101111985982,2室1厅1厨1卫,普通住宅,满五年,,"https://image1.ljcdn.com/110000-inspection/pc0_oGeSPh1CZ_1.jpg.1420x800.jpg,https://image1.ljcdn.com/110000-inspection/pc0_a9p3B6ITK_1.jpg.1420x800.jpg,https://image1.ljcdn.com/x-se/hdic-frame/standard_594325df-b78e-430c-8a87-b41c209db71b.png.1066x800.jpg,https://image1.ljcdn.com/110000-inspection/pc0_R55Mmv9ql_1.jpg.1420x800.jpg,https://image1.ljcdn.com/110000-inspection/pc0_K7i03rsbO_1.jpg.1420x800.jpg,https://image1.ljcdn.com/110000-inspection/a7fb438f-3228-4281-a0ac-8463d5e35a55_1000.jpg.1420x800.jpg,https://image1.ljcdn.com/110000-inspection/pc0_Ukp5UYG6P_1.jpg.1420x800.jpg,https://image1.ljcdn.com/110000-inspection/pc0_Q47HSMkN5_1.jpg.1420x800.jpg,https://image1.ljcdn.com/110000-inspection/pc0_JgdQlmFKw_1.jpg.1420x800.jpg",有,2008-02-13,三梯十二户,无抵押,共有,2021-06-19,,精装,570,24,商品房,71188
72.72,,芍药居北里,南 北,中楼层 (共7层),集中供暖,芍药居北里全新装修满五年唯一双卧朝南客厅带明窗_北京朝阳芍药居芍药居北里二手房(北京链家),,101111976861,3室1厅1厨1卫,普通住宅,满五年,,"https://image1.ljcdn.com/110000-inspection/pc0_gEUfxgJ8d_1.jpg.1420x800.jpg,https://image1.ljcdn.com/110000-inspection/pc0_YCBf0HGya_1.jpg.1420x800.jpg,https://image1.ljcdn.com/x-se/hdic-frame/standard_5dbe0aa0-6e2c-43f9-870c-bbec7a3c2ffc.png.1066x800.jpg,https://image1.ljcdn.com/110000-inspection/pc0_CPau35Wey_1.jpg.1420x800.jpg,https://image1.ljcdn.com/110000-inspection/pc0_WjQAW3DbI_1.jpg.1420x800.jpg,https://image1.ljcdn.com/110000-inspection/pc0_dZLix2b3w_1.jpg.1420x800.jpg,https://image1.ljcdn.com/110000-inspection/pc0_C4X569Fi7_1.jpg.1420x800.jpg",无,2014-03-06,一梯两户,无抵押,非共有,2021-06-18,,精装,780,7,商品房,107261
200.89,,中海馥园,南 北,低楼层 (共22层),集中供暖,中海馥园3室1厅南北_北京海淀甘家口中海馥园二手房(北京链家),,101111936397,3室1厅1厨2卫,普通住宅,满五年,,"https://image1.ljcdn.com/110000-inspection/pc0_IpxnzCWU0_1.jpg.1420x800.jpg,https://image1.ljcdn.com/110000-inspection/pc0_luNX5jHmj_1.jpg.1420x800.jpg,https://image1.ljcdn.com/x-se/hdic-frame/standard_20158033-9972-49c5-bde1-ad4e7491b610.png.1066x800.jpg,https://image1.ljcdn.com/110000-inspection/pc0_0ug9GEaQd_1.jpg.1420x800.jpg,https://image1.ljcdn.com/110000-inspection/pc0_VS6AEPMUe_1.jpg.1420x800.jpg,https://image1.ljcdn.com/110000-inspection/pc0_ud4x9M91o_1.jpg.1420x800.jpg,https://image1.ljcdn.com/110000-inspection/pc0_Z81gWcw3T_1.jpg.1420x800.jpg,https://image1.ljcdn.com/110000-inspection/pc0_JH7s77oHV_1.jpg.1420x800.jpg",有,2007-03-26,两梯六户,无抵押,非共有,2021-06-15,,简装,2310,22,商品房,114989
