area_total,area_use,community_name,direction,floor,house_name,house_record,house_type,house_usage,house_years,images_urls,is_left,last_trade_time,left_rate,location,pawn,property_own,release_date,structure,sub_info,total_amount,total_floors,trade_property,unit_price
60.53,56.57,八卦新村,南,中楼层 (共7层),复兴八卦田边，满五，方正两房，精装，层好，采光足！_杭州上城复兴八卦新村二手房(杭州链家),103107823569,2室1厅1厨1卫,普通住宅,满五年,"https://image1.ljcdn.com/110000-inspection/eda0010c-d85b-4ad1-b175-609ed920edd4.jpg.1420x800.jpg,https://image1.ljcdn.com/110000-inspection/pc1_CZ4zNpyKK.jpg.1420x800.jpg,https://image1.ljcdn.com/110000-inspection/pc0_4m2tya98K.jpg.1420x800.jpg,https://image1.ljcdn.com/x-se/hdic-frame/standard_2572bbcb-afd3-448a-969b-5fbed43d36f9.png.1066x800.jpg,https://image1.ljcdn.com/110000-inspection/87322122-4fd5-41aa-bcce-5c2f26b8a753.jpg.1420x800.jpg,https://image1.ljcdn.com/110000-inspection/pc0_Z9Syj8b7g.jpg.1420x800.jpg,https://image1.ljcdn.com/110000-inspection/pc0_DypH5qmBx.jpg.1420x800.jpg",无,2011-06-03,一梯两户, ,无抵押,共有,2020-03-01,,精装,245,7,已购公房,40476
82.55,,越秀星汇悦城,南,高楼层 (共27层),越秀品质小区刚需三房精装修带地暖房东诚心出售_杭州余杭良渚越秀星汇悦城二手房(杭州链家),103115625403,3室2厅1厨1卫,普通住宅,满两年,"https://image1.ljcdn.com/110000-inspection/pc1_pK6zSGpN1_1.jpg.1420x800.jpg,https://image1.ljcdn.com/110000-inspection/apc_ckdqkkT7d_1.jpg.1420x800.jpg,https://image1.ljcdn.com/110000-inspection/pc0_S5OBO5IRl_1.jpg.1420x800.jpg,https://image1.ljcdn.com/x-se/hdic-frame/standard_9351a66f-990b-4fb2-ab63-e1e1153ba4e2.png.1066x800.jpg,https://image1.ljcdn.com/110000-inspection/pc0_CBSzxdeJt_1.jpg.1420x800.jpg,https://image1.ljcdn.com/110000-inspection/apc_nOx6m975m_1.jpg.1420x800.jpg,https://image1.ljcdn.com/110000-inspection/pc0_MOnLJ8l25_1.jpg.1420x800.jpg,https://image1.ljcdn.com/110000-inspection/pc0_cYHfbST99_1.jpg.1420x800.jpg",有,2017-09-05,三梯四户, ,有抵押57万元兴业银行业主自还,非共有,2021-06-18,,精装,345,27,商品房,41793
136.24,,宋都晨光国际,南,中楼层 (共41层),边套精装拎包入住中高楼层。_杭州钱塘区沿江南宋都晨光国际二手房(杭州链家),103115529905,3室2厅1厨2卫,普通住宅,满两年,"https://image1.ljcdn.com/110000-inspection/pc1_JnGY8LEO2_1.jpg.1420x800.jpg,https://image1.ljcdn.com/110000-inspection/pc0_YmOqNTI70_1.jpg.1420x800.jpg,https://image1.ljcdn.com/110000-inspection/apc_Jr8sgOqWZ_1.jpg.1420x800.jpg,https://image1.ljcdn.com/x-se/hdic-frame/standard_572e1987-c970-4ffb-88b0-42c1b3448f2d.png.1066x800.jpg,https://image1.ljcdn.com/110000-inspection/pc0_WfPWdzrp0_1.jpg.1420x800.jpg,https://image1.ljcdn.com/110000-inspection/apc_7tXEMdLfz_1.jpg.1420x800.jpg,https://image1.ljcdn.com/110000-inspection/pc0_lgQfbSpVK_1.jpg.1420x800.jpg,https://image1.ljcdn.com/110000-inspection/pc0_u5PlL5DQv_1.jpg.1420x800.jpg,https://image1.ljcdn.com/110000-inspection/pc0_Gn0Hsi7CD_1.jpg.1420x800.jpg",有,2017-04-21,三梯三户, ,有抵押,共有,2021-06-12,,精装,415,41,商品房,30461
62.98,,三里亭苑四区,南,高楼层 (共7层),婚房精装两房朝南满五年诚心卖_杭州江干三里亭三里亭苑四区二手房(杭州链家),103115704234,2室1厅1厨1卫,普通住宅,满五年,"https://image1.ljcdn.com/110000-inspection/pc1_c6y2jidFW_1.jpg.1420x800.jpg,https://image1.ljcdn.com/110000-inspection/apc_M8JtjxwgT_1.jpg.1420x800.jpg,https://image1.ljcdn.com/110000-inspection/apc_imjOu2wCQ_1.jpg.1420x800.jpg,https://image1.ljcdn.com/x-se/hdic-frame/standard_a6ff9bef-82a8-424b-9083-f46b2025a1b5.png.1066x800.jpg,https://image1.ljcdn.com/110000-inspection/apc_sZYQgQJRk_1.jpg.1420x800.jpg,https://image1.ljcdn.com/110000-inspection/pc0_XtHExZhse_1.jpg.1420x800.jpg",无,2005-10-12,一梯四户, ,无抵押,共有,2021-06-22,,精装,230,7,商品房,36520
153.66,,城发云锦城,南,中楼层 (共23层),城发云锦城中间楼层西边套采光视野好业主诚心卖_杭州江干丁桥城发云锦城二手房(杭州链家),103115607691,4室2厅1厨2卫,普通住宅,满两年,"https://image1.ljcdn.com/110000-inspection/apc_CENGkB1k1_1.jpg.1420x800.jpg,https://image1.ljcdn.com/110000-inspection/apc_iDHFb6ssG_1.jpg.1420x800.jpg,https://image1.ljcdn.com/x-se/hdic-frame/standard_f9c0f321-53ad-4750-84e7-dbae3e1a9195.png.1066x800.jpg,https://image1.ljcdn.com/110000-inspection/apc_3AWctBLqF_1.jpg.1420x800.jpg,https://image1.ljcdn.com/110000-inspection/apc_0WPbkD6ve_1.jpg.1420x800.jpg,https://image1.ljcdn.com/110000-inspection/pc0_Byyin3GDP_1.jpg.1420x800.jpg,https://image1.ljcdn.com/110000-inspection/pc0_QCZpLs5A4_1.jpg.1420x800.jpg,https://image1.ljcdn.com/110000-inspection/pc0_b9OTqYgsk_1.jpg.1420x800.jpg,https://image1.ljcdn.com/110000-inspection/pc0_DeCPEDejU_1.jpg.1420x800.jpg",有,2017-06-30,两梯两户, ,有抵押中国银行股份有限公司杭州拱北支行业主自还,共有,2021-06-16,,简装,378,23,商品房,24600
89.61,,中国铁建保利像素,南,中楼层 (共33层),婚房自住精装！东边套三房两卫！中间楼层！采光视野好_杭州钱塘区大学城北中国铁建保利像素二手房(杭州链家),103115537177,3室2厅1厨2卫,普通住宅,满两年,"https://image1.ljcdn.com/110000-inspection/pc1_w3CU7e1zq_1.jpg.1420x800.jpg,https://image1.ljcdn.com/110000-inspection/pc0_8Rfmye503_1.jpg.1420x800.jpg,https://image1.ljcdn.com/110000-inspection/pc0_1lGGRKtcF_1.jpg.1420x800.jpg,https://image1.ljcdn.com/x-se/hdic-frame/standard_91e4d8cb-a249-4214-b61d-7ef68edc05ba.png.1066x800.jpg,https://image1.ljcdn.com/110000-inspection/pc0_019Ab1rP3_1.jpg.1420x800.jpg,https://image1.ljcdn.com/110000-inspection/pc0_6BZFeGuIP_1.jpg.1420x800.jpg,https://image1.ljcdn.com/110000-inspection/pc0_x0q9t9AiT_1.jpg.1420x800.jpg,https://image1.ljcdn.com/110000-inspection/pc0_XjAALpWeS_1.jpg.1420x800.jpg,https://image1.ljcdn.com/110000-inspection/pc0_BRbRy1FR1_1.jpg.1420x800.jpg",有,2019-05-29,两梯四户, ,有抵押80万元,非共有,2021-06-12,,精装,275,33,商品房,30689
89.13,70.83,中铁九逸,南,中楼层 (共24层),中间套，楼层好，户型方正，房东诚心出售_杭州临平区临平中铁九逸二手房(杭州链家),103115530951,3室2厅1厨1卫,普通住宅,满两年,"https://image1.ljcdn.com/110000-inspection/pc1_UuxXYw8P7_1.jpg.1420x800.jpg,https://image1.ljcdn.com/110000-inspection/pc0_H8RMdIKOK_1.jpg.1420x800.jpg,https://image1.ljcdn.com/110000-inspection/apc_RBmBPl3cV_1.jpg.1420x800.jpg,https://image1.ljcdn.com/x-se/hdic-frame/standard_70629e6f-18f6-4231-a718-e9874fdb0794.png.1066x800.jpg,https://image1.ljcdn.com/110000-inspection/pc0_GtTIPvxIH_1.jpg.1420x800.jpg,https://image1.ljcdn.com/110000-inspection/pc0_3TfLgVLAS_1.jpg.1420x800.jpg,https://image1.ljcdn.com/110000-inspection/pc0_XmpJcpumO_1.jpg.1420x800.jpg,https://image1.ljcdn.com/110000-inspection/pc0_3zkPHEROA_1.jpg.1420x800.jpg",有,2019-06-03,两梯四户, ,有抵押47万元中信银行业主自还,非共有,2021-06-12,,毛坯,220,24,商品房,24684
62.97,,郡枫绿园东区,南 北,中楼层 (共14层),新上郡枫绿园两室自住装修满五唯一_杭州江干丁桥郡枫绿园东区二手房(杭州链家),103115675802,2室1厅1厨1卫,普通住宅,满五年,"https://image1.ljcdn.com/110000-inspection/pc0_F50UoATN9_1.jpg.1420x800.jpg,https://image1.ljcdn.com/110000-inspection/apc_dZQouIQC7_1.jpg.1420x800.jpg,https://image1.ljcdn.com/x-se/hdic-frame/standard_04bc2cdb-b376-4d49-acb6-2195cbb7636c.png.1066x800.jpg,https://image1.ljcdn.com/110000-inspection/pc0_UMzJSykZh_1.jpg.1420x800.jpg,https://image1.ljcdn.com/110000-inspection/pc0_wqmiW56mv_1.jpg.1420x800.jpg,https://image1.ljcdn.com/110000-inspection/pc0_lXSJF61vu_1.jpg.1420x800.jpg",有,2015-04-21,两梯四户, ,无抵押,共有,2021-06-20,,精装,208,14,商品房,33032
61.62,48.65,都市阳光嘉苑,南,中楼层 (共18层),都市阳光嘉苑2室1厅南_杭州西湖良渚都市阳光嘉苑二手房(杭州链家),103115645461,2室1厅1厨1卫,普通住宅,满两年,"https://image1.ljcdn.com/110000-inspection/7bdd4624-a7ea-4865-b87a-c3ef5200b292_1000.jpg.1420x800.jpg,https://image1.ljcdn.com/110000-inspection/apc_j4vz7qnCs_1.jpg.1420x800.jpg,https://image1.ljcdn.com/110000-inspection/pc0_VBt95q962_1.jpg.1420x800.jpg,https://image1.ljcdn.com/x-se/hdic-frame/standard_3cc494ca-f391-4bec-bb02-55c1e2b88015.png.1066x800.jpg,https://image1.ljcdn.com/110000-inspection/apc_UXItUgZ3Y_1.jpg.1420x800.jpg,https://image1.ljcdn.com/110000-inspection/976db76a-4ceb-4ff1-88e4-34c46c832162_1000.jpg.1420x800.jpg,https://image1.ljcdn.com/110000-inspection/pc0_J8DXG6K8D_1.jpg.1420x800.jpg",有,2017-08-21,两梯四户, ,无抵押,共有,2021-06-19,,精装,215,18,商品房,34892
89.2,68.02,银爵世纪公寓,南,中楼层 (共31层),地铁口精装两房朝南户型，拎包入住_杭州滨江浦沿银爵世纪公寓二手房(杭州链家),103115667381,2室2厅1厨1卫,普通住宅,满五年,"https://image1.ljcdn.com/110000-inspection/pc0_aknip1fXN_1.jpg.1420x800.jpg,https://image1.ljcdn.com/110000-inspection/apc_IKaMuEFYg_1.jpg.1420x800.jpg,https://image1.ljcdn.com/x-se/hdic-frame/standard_db8874c8-221c-418a-9a1c-41b06cbe6505.png.1066x800.jpg,https://image1.ljcdn.com/110000-inspection/pc0_6IBvsC7T1_1.jpg.1420x800.jpg,https://image1.ljcdn.com/110000-inspection/pc0_MdZYQYLCQ_1.jpg.1420x800.jpg,https://image1.ljcdn.com/110000-inspection/pc0_xO7gTuDEW_1.jpg.1420x800.jpg",有,2013-01-11,两梯四户, ,有抵押80万元业主自还,非共有,2021-06-20,,精装,345,31,商品房,38678
75.32,,大关南五苑,南,高楼层 (共6层),大关南五苑跃层结构带LUTAI，装修清爽，诚卖_杭州拱墅大关大关南五苑二手房(杭州链家),103115554720,3室1厅1厨2卫,普通住宅,满五年,"https://image1.ljcdn.com/110000-inspection/apc_9FdhCV2A3_1.jpg.1420x800.jpg,https://image1.ljcdn.com/110000-inspection/pc0_mamInuBkx.jpg.1420x800.jpg,https://image1.ljcdn.com/x-se/hdic-frame/standard_6cd6ea36-9863-45cb-bf1b-b0eb93d661d5.png.1066x800.jpg,https://image1.ljcdn.com/110000-inspection/apc_j2X5VPSOm_1.jpg.1420x800.jpg,https://image1.ljcdn.com/110000-inspection/pc0_hZTNu7279.jpg.1420x800.jpg,https://image1.ljcdn.com/110000-inspection/pc0_MCayEz7Ic.jpg.1420x800.jpg,https://image1.ljcdn.com/110000-inspection/pc0_lH7dtRuDO_1.jpg.1420x800.jpg,https://image1.ljcdn.com/110000-inspection/pc0_YzzQFMQpE.jpg.1420x800.jpg,https://image1.ljcdn.com/110000-inspection/pc0_mFouoDYn9.jpg.1420x800.jpg",无,2015-10-22,一梯两户, ,无抵押,非共有,2021-06-13,,简装,252,6,已购公房,33458
87.04,,万科缦云坊,南,高楼层 (共10层),良渚文化村，万科精装修交付，次顶楼，视野很好_杭州余杭良渚万科缦云坊二手房(杭州链家),103115275348,3室2厅1厨1卫,普通住宅,满两年,"https://image1.ljcdn.com/110000-inspection/pc1_SGTmxG1EE_1.jpg.1420x800.jpg,https://image1.ljcdn.com/110000-inspection/pc0_LuKaJE7rr_1.jpg.1420x800.jpg,https://image1.ljcdn.com/110000-inspection/pc0_IHv6QkXKl_1.jpg.1420x800.jpg,https://image1.ljcdn.com/x-se/hdic-frame/standard_b4266882-f111-4afb-93a2-6602cb786265.png.1066x800.jpg,https://image1.ljcdn.com/110000-inspection/pc0_R2AhvHDI1_1.jpg.1420x800.jpg,https://image1.ljcdn.com/110000-inspection/pc0_csH5E0VXU_2.jpg.1420x800.jpg,https://image1.ljcdn.com/110000-inspection/pc0_MydbqZP13_1.jpg.1420x800.jpg,https://image1.ljcdn.com/110000-inspection/pc0_mAA4r41aC_2.jpg.1420x800.jpg",有,2018-06-20,一梯两户, ,无抵押,共有,2021-05-29,,精装,278,10,商品房,31940
134.54,114.05,多蓝水岸银沙苑,南 北,中楼层 (共11层),学正精装修三房两卫，中间楼层，南北通透；_杭州钱塘区沿江北多蓝水岸银沙苑二手房(杭州链家),103115559719,3室2厅1厨2卫,普通住宅,满五年,"https://image1.ljcdn.com/110000-inspection/apc_posymirL0_1.jpg.1420x800.jpg,https://image1.ljcdn.com/110000-inspection/apc_qBiHtlGuu_1.jpg.1420x800.jpg,https://image1.ljcdn.com/x-se/hdic-frame/standard_d00ab636-6e10-48f5-8e16-252e9cf70a18.png.1066x800.jpg,https://image1.ljcdn.com/110000-inspection/apc_TXfPGDcvy_1.jpg.1420x800.jpg,https://image1.ljcdn.com/110000-inspection/apc_RfQoYcAaB_1.jpg.1420x800.jpg,https://image1.ljcdn.com/110000-inspection/pc0_y6jIWUmXe_1.jpg.1420x800.jpg,https://image1.ljcdn.com/110000-inspection/pc0_nnypTkVst_1.jpg.1420x800.jpg,https://image1.ljcdn.com/110000-inspection/pc0_zekAsBBBQ_1.jpg.1420x800.jpg",有,2010-03-06,一梯两户, ,有抵押40万元还有40多万的按揭，可以自己解决,共有,2021-06-13,,精装,355,11,商品房,26387
128.74,110.2,云溪香山,南,低楼层 (共11层),三开间朝南，采光好，装修自选看房方便满五唯一_杭州西湖转塘云溪香山二手房(杭州链家),103115552836,3室2厅1厨2卫,普通住宅,满五年,"https://image1.ljcdn.com/110000-inspection/apc_9Gmx0JBVM_1.jpg.1420x800.jpg,https://image1.ljcdn.com/110000-inspection/apc_fbxfcpdCk_1.jpg.1420x800.jpg,https://image1.ljcdn.com/x-se/hdic-frame/standard_e3e13933-5d1e-4b97-a569-4193548d96f2.png.1066x800.jpg,https://image1.ljcdn.com/110000-inspection/pc0_gIjRXtcDZ_1.jpg.1420x800.jpg,https://image1.ljcdn.com/110000-inspection/apc_kpFjqnGlG_1.jpg.1420x800.jpg,https://image1.ljcdn.com/110000-inspection/pc0_06rZkH531_1.jpg.1420x800.jpg,https://image1.ljcdn.com/110000-inspection/pc0_lddjPeHoS_1.jpg.1420x800.jpg,https://image1.ljcdn.com/110000-inspection/pc0_pjCIzxjSX_1.jpg.1420x800.jpg",有,2009-05-11,一梯两户, ,无抵押,非共有,2021-06-13,,精装,437,11,商品房,33945
101.26,92.45,春丰苑,南,低楼层 (共7层),户型方正，采光无遮挡.两房朝南带阳台，交通方便_杭州下城建国北路春丰苑二手房(杭州链家),103115563079,3室2厅1厨1卫,普通住宅,满五年,"https://image1.ljcdn.com/110000-inspection/pc1_F2Wf6x8Dg_1.jpg.1420x800.jpg,https://image1.ljcdn.com/110000-inspection/pc0_l7updtOBE_1.jpg.1420x800.jpg,https://image1.ljcdn.com/110000-inspection/apc_DuOKAcajp_1.jpg.1420x800.jpg,https://image1.ljcdn.com/x-se/hdic-frame/standard_811420d0-9cc1-4c46-b2b7-603a6f806aea.png.1066x800.jpg,https://image1.ljcdn.com/110000-inspection/apc_3TjY6Z7XA_1.jpg.1420x800.jpg,https://image1.ljcdn.com/110000-inspection/pc0_kHYQhDuCD_1.jpg.1420x800.jpg,https://image1.ljcdn.com/110000-inspection/pc0_fYbzxxX8t_1.jpg.1420x800.jpg,https://image1.ljcdn.com/110000-inspection/pc0_RcNEq8rdh_1.jpg.1420x800.jpg",无,2008-10-29,一梯两户, ,无抵押,共有,2021-06-14,,简装,460,7,商品房,45428
135.32,,江南佳苑,西南,中楼层 (共18层),房东诚心出售，213万带车位，一次性客户优先_杭州临安青山湖科技城江南佳苑二手房(杭州链家),103115575226,3室2厅1厨2卫,普通住宅,满两年,"https://image1.ljcdn.com/110000-inspection/pc1_aaf0ObCdD_1.jpg.1420x800.jpg,https://image1.ljcdn.com/110000-inspection/apc_XEqGUEV0c_1.jpg.1420x800.jpg,https://image1.ljcdn.com/110000-inspection/apc_bcPjGKJub_1.jpg.1420x800.jpg,https://image1.ljcdn.com/x-se/hdic-frame/standard_cab9455c-84c5-45c0-a88a-3fe4eba6cbae.png.1066x800.jpg,https://image1.ljcdn.com/110000-inspection/apc_oyKJxVARz_1.jpg.1420x800.jpg,https://image1.ljcdn.com/110000-inspection/apc_O9fFZvRYF_1.jpg.1420x800.jpg,https://image1.ljcdn.com/110000-inspection/pc0_xwm0dXHEq_1.jpg.1420x800.jpg,https://image1.ljcdn.com/110000-inspection/pc0_gUl0pqsRb_1.jpg.1420x800.jpg,https://image1.ljcdn.com/110000-inspection/pc0_2RVWQ1AAJ_1.jpg.1420x800.jpg",有,2018-11-22,两梯四户, ,有抵押51万元,非共有,2021-06-15,,毛坯,205,18,商品房,15150
138.2,,滨江西溪之星,东南,低楼层 (共7层),滨江西溪之星5室2厅东南_杭州余杭西溪滨江西溪之星二手房(杭州链家),103115542788,5室2厅1厨3卫,普通住宅,满两年,"https://image1.ljcdn.com/110000-inspection/pc0_QTNjQ6xFB_1.jpg.1420x800.jpg,https://image1.ljcdn.com/110000-inspection/pc0_n0gyt7Fx9_1.jpg.1420x800.jpg,https://image1.ljcdn.com/x-se/hdic-frame/standard_6565152c-253b-4957-b8c3-3d20996fbf4e.png.1066x800.jpg,https://image1.ljcdn.com/110000-inspection/pc0_XTH0y4aGx_1.jpg.1420x800.jpg,https://image1.ljcdn.com/110000-inspection/pc0_H2KA5VdGa_1.jpg.1420x800.jpg,https://image1.ljcdn.com/110000-inspection/pc0_mqUTDRz4N_1.jpg.1420x800.jpg,https://image1.ljcdn.com/110000-inspection/pc0_tfBa2jotT_1.jpg.1420x800.jpg,https://image1.ljcdn.com/110000-inspection/pc0_gBZDcHq0M_1.jpg.1420x800.jpg,https://image1.ljcdn.com/110000-inspection/pc0_bF1OchP7g_1.jpg.1420x800.jpg",有,2018-10-30,一梯一户, ,有抵押145万元杭州银行城东支行业主自还,共有,2021-06-12,,毛坯,820,7,商品房,59335
83.54,,长睦邻里人家西苑,南,高楼层 (共16层),高楼层，大两房满五唯一，看房方便诚心出售，配套齐_杭州江干丁桥长睦邻里人家西苑二手房(杭州链家),103115426306,2室1厅1厨1卫,普通住宅,满五年,"https://image1.ljcdn.com/110000-inspection/pc1_jnQahDgLq_1.jpg.1420x800.jpg,https://image1.ljcdn.com/110000-inspection/pc0_yTYJTMvFP_1.jpg.1420x800.jpg,https://image1.ljcdn.com/110000-inspection/apc_hxV4THgYv_1.jpg.1420x800.jpg,https://image1.ljcdn.com/x-se/hdic-frame/standard_34755bd5-f24b-429a-955c-ce501528daa9.png.1066x800.jpg,https://image1.ljcdn.com/110000-inspection/pc0_WQE5j9xKr_1.jpg.1420x800.jpg,https://image1.ljcdn.com/110000-inspection/pc0_7EnFI9fPr_1.jpg.1420x800.jpg,https://image1.ljcdn.com/110000-inspection/pc0_nlSfcLYS5_1.jpg.1420x800.jpg",有,2010-01-13,一梯两户, ,无抵押,非共有,2021-06-06,,精装,230,16,商品房,27532
44.89,41.12,采荷小区紫藕邨,南,高楼层 (共6层),此房满五不唯一，两房朝南户型，带一个小客厅_杭州江干采荷采荷小区紫藕邨二手房(杭州链家),103115281616,2室1厅1厨1卫,普通住宅,满五年,"https://image1.ljcdn.com/110000-inspection/pc1_8IPhErt3Y_1.jpg.1420x800.jpg,https://image1.ljcdn.com/110000-inspection/apc_oqxguj2bC_1.jpg.1420x800.jpg,https://image1.ljcdn.com/110000-inspection/pc0_WthkZxqX3_1.jpg.1420x800.jpg,https://image1.ljcdn.com/x-se/hdic-frame/standard_5ac330f1-815f-4eff-a21e-177dbd9e59a0.png.1066x800.jpg,https://image1.ljcdn.com/110000-inspection/pc0_H2Ypod7VQ_1.jpg.1420x800.jpg,https://image1.ljcdn.com/110000-inspection/pc0_gF706aoKC_1.jpg.1420x800.jpg",无,2009-06-08,一梯四户, ,无抵押,共有,2021-05-29,,简装,275,6,已购公房,61261
123.29,109.82,通和戈雅公寓,东,高楼层 (共6层),多层洋房带阁楼，位置好，诚心出售，看房便利！_杭州萧山闻堰通和戈雅公寓二手房(杭州链家),103115159301,4室2厅1厨2卫,普通住宅,满五年,"https://image1.ljcdn.com/110000-inspection/17fdf196-14bd-4c3a-843f-6cd87d230c3e_1000.jpg.1420x800.jpg,https://image1.ljcdn.com/110000-inspection/d6683586-c0a9-42c4-b96e-f91498697b86_1000.jpg.1420x800.jpg,https://image1.ljcdn.com/x-se/hdic-frame/standard_2d7e13eb-7cfa-4e84-8b54-86db0d1b0fac.png.1066x800.jpg,https://image1.ljcdn.com/110000-inspection/pc0_unpxFsuid.jpg.1420x800.jpg,https://image1.ljcdn.com/110000-inspection/pc0_E1c2cdBjv.jpg.1420x800.jpg,https://image1.ljcdn.com/110000-inspection/pc0_VuuQg8ayi.jpg.1420x800.jpg,https://image1.ljcdn.com/110000-inspection/112bf3c1-4291-4a77-b1b4-1de978da52a9_1000.jpg.1420x800.jpg,https://image1.ljcdn.com/110000-inspection/pc0_okdj5Jd5R.jpg.1420x800.jpg,https://image1.ljcdn.com/110000-inspection/pc0_SQVBdfqZ7.jpg.1420x800.jpg,https://image1.ljcdn.com/110000-inspection/pc0_rkw1KqD5F_1.jpg.1420x800.jpg,https://image1.ljcdn.com/110000-inspection/pc0_utqblvwRy.jpg.1420x800.jpg,https://image1.ljcdn.com/110000-inspection/pc0_vR8Zz9FKQ.jpg.1420x800.jpg,https://image1.ljcdn.com/110000-inspection/bd84b3d7-cd6c-428f-9615-6ef169fbcd67_1000.jpg.1420x800.jpg",无,2010-08-05,一梯两户, ,有抵押113万元杭州住房公积金管理中心业主自还,共有,2021-05-22,,精装,378,6,商品房,30660
158.15,,科嘉苑,南 北,中楼层 (共17层),小区位置安静、东边套户型全明、满五年税少、诚心卖_杭州余杭小和山科嘉苑二手房(杭州链家),103115319055,4室2厅1厨2卫,普通住宅,满五年,"https://image1.ljcdn.com/110000-inspection/pc1_BxaT68kIw_1.jpg.1420x800.jpg,https://image1.ljcdn.com/110000-inspection/apc_bOLilCMzl_1.jpg.1420x800.jpg,https://image1.ljcdn.com/110000-inspection/apc_ps3CkPm5D_1.jpg.1420x800.jpg,https://image1.ljcdn.com/x-se/hdic-frame/standard_f044c4df-e67f-43fd-9c4f-e87c6686640c.png.1066x800.jpg,https://image1.ljcdn.com/110000-inspection/apc_CvaPmkiV3_1.jpg.1420x800.jpg,https://image1.ljcdn.com/110000-inspection/pc0_IZy8BnsqT_1.jpg.1420x800.jpg",有,2016-04-01,两梯三户, ,有抵押50万元,非共有,2021-05-31,,精装,345,17,已购公房,21815
88.27,,赞成首府,南,低楼层 (共18层),艺尚小镇旁，精装3房，小区中间，看房方便_杭州临平区临平赞成首府二手房(杭州链家),103115277929,3室1厅1厨1卫,普通住宅,满两年,"https://image1.ljcdn.com/110000-inspection/pc1_UPuEdgq2A_1.jpg.1420x800.jpg,https://image1.ljcdn.com/110000-inspection/apc_hTgZNx4qk_1.jpg.1420x800.jpg,https://image1.ljcdn.com/110000-inspection/pc0_hjjNqNh3z_1.jpg.1420x800.jpg,https://image1.ljcdn.com/x-se/hdic-frame/standard_08192701-1566-4b0f-b67c-d4099e3542ff.png.1066x800.jpg,https://image1.ljcdn.com/110000-inspection/apc_3kqiPKFST_1.jpg.1420x800.jpg,https://image1.ljcdn.com/110000-inspection/pc0_KlreFBo6Q_1.jpg.1420x800.jpg",有,2019-03-19,两梯四户, ,无抵押,非共有,2021-05-29,,精装,235,18,商品房,26623
129.98,58.21,嘉绿景苑西园,南 北,高楼层 (共15层),景苑大三房，电梯，清爽装修，顶楼安静，看房方便。。_杭州西湖文三西路嘉绿景苑西园二手房(杭州链家),103115636748,3室2厅1厨2卫,普通住宅,满五年,"https://image1.ljcdn.com/330100-inspection/pc1_gxfvTpGn0_1.jpg.1420x800.jpg,https://image1.ljcdn.com/330100-inspection/pc0_AJPvFn2qn_1.jpg.1420x800.jpg,https://image1.ljcdn.com/330100-inspection/pc0_1q1emkhTw_2.jpg.1420x800.jpg,https://image1.ljcdn.com/x-se/hdic-frame/standard_440df388-fcee-47cc-8974-78169b782042.png.1066x800.jpg,https://image1.ljcdn.com/330100-inspection/apc_smhaWwZxh_1.jpg.1420x800.jpg,https://image1.ljcdn.com/330100-inspection/pc0_JMmUIyOWQ_1.jpg.1420x800.jpg,https://image1.ljcdn.com/330100-inspection/pc0_KxZNAUSEj_2.jpg.1420x800.jpg,https://image1.ljcdn.com/330100-inspection/pc0_rIHzPoE2L_2.jpg.1420x800.jpg,https://image1.ljcdn.com/330100-inspection/pc0_axBg39us2_2.jpg.1420x800.jpg",有,2016-05-26,两梯四户, ,无抵押,非共有,2021-06-18,,简装,560,15,商品房,43084
87.47,62.92,风景蝶院留园,南 北,高楼层 (共20层),满五唯一，南北通，边套，户型方正，全明，采光视野佳_杭州滨江白马湖风景蝶院留园二手房(杭州链家),103115329631,2室2厅1厨1卫,普通住宅,满五年,"https://image1.ljcdn.com/110000-inspection/pc1_ImlQxVKv2_1.jpg.1420x800.jpg,https://image1.ljcdn.com/110000-inspection/pc0_jXszHdowu_1.jpg.1420x800.jpg,https://image1.ljcdn.com/110000-inspection/pc0_KZFNxOUNS_1.jpg.1420x800.jpg,https://image1.ljcdn.com/x-se/hdic-frame/standard_62aad450-17db-4bf0-8c19-109e748d1b8b.png.1066x800.jpg,https://image1.ljcdn.com/110000-inspection/apc_sqrRryYbn_1.jpg.1420x800.jpg,https://image1.ljcdn.com/110000-inspection/pc0_mzuXO89ei_1.jpg.1420x800.jpg,https://image1.ljcdn.com/110000-inspection/pc0_18OhUGFbj_1.jpg.1420x800.jpg",有,2011-08-26,两梯三户, ,有抵押40万元,共有,2021-06-01,,精装,360,20,商品房,41157
87.87,65.01,绿都四季华庭,南,中楼层 (共30层),满五年，中间楼层，精装修，诚心出售，三开间朝南_杭州萧山南部卧城绿都四季华庭二手房(杭州链家),103115597914,3室2厅1厨1卫,普通住宅,满五年,"https://image1.ljcdn.com/110000-inspection/pc1_X80s78uYt_1.jpg.1420x800.jpg,https://image1.ljcdn.com/110000-inspection/pc0_YAmui5zkg_1.jpg.1420x800.jpg,https://image1.ljcdn.com/110000-inspection/pc0_0MzwNKds8_1.jpg.1420x800.jpg,https://image1.ljcdn.com/x-se/hdic-frame/standard_99e918c5-6f18-48c1-b669-c1c434dcac1e.png.1066x800.jpg,https://image1.ljcdn.com/110000-inspection/pc0_TvYZMIkFR_1.jpg.1420x800.jpg,https://image1.ljcdn.com/110000-inspection/pc0_Xp26TnsJa_1.jpg.1420x800.jpg,https://image1.ljcdn.com/110000-inspection/pc0_tPPVmo939_1.jpg.1420x800.jpg,https://image1.ljcdn.com/110000-inspection/pc0_gQqPoIxDH_1.jpg.1420x800.jpg",有,2014-10-24,两梯四户, ,无抵押,非共有,2021-06-16,,精装,315,30,商品房,35849
88.68,,首开国风美域,南,中楼层 (共30层),次新小区精装修好近地铁近龙湖天街边套中间楼_杭州西湖申花首开国风美域二手房(杭州链家),103115394596,3室2厅1厨2卫,普通住宅,满两年,"https://image1.ljcdn.com/110000-inspection/pc0_eMJr9WOQ7.jpg.1420x800.jpg,https://image1.ljcdn.com/110000-inspection/pc0_xhTbb8ozN.jpg.1420x800.jpg,https://image1.ljcdn.com/x-se/hdic-frame/standard_a55224d0-501f-4a8f-9567-7d8bfe5e13ca.png.1066x800.jpg,https://image1.ljcdn.com/110000-inspection/pc0_NZTYuKTgr.jpg.1420x800.jpg,https://image1.ljcdn.com/110000-inspection/pc0_glaHJuWVr.jpg.1420x800.jpg,https://image1.ljcdn.com/110000-inspection/pc0_dMgrBGguE_2.jpg.1420x800.jpg,https://image1.ljcdn.com/110000-inspection/pc0_Swb77qM3s_2.jpg.1420x800.jpg,https://image1.ljcdn.com/110000-inspection/pc0_oEl7gnJnJ.jpg.1420x800.jpg",有,2017-05-04,两梯四户, ,有抵押120万元,共有,2021-06-04,,精装,480,30,商品房,54128
89.9,,通济路1-12号,南 北,高楼层 (共6层),余杭菜场旁刚需3房南北朝向诚心出售满五年_杭州余杭未来科技城通济路1-12号二手房(杭州链家),103115473814,3室2厅1厨1卫,普通住宅,满五年,"https://image1.ljcdn.com/110000-inspection/apc_US3wW3ZAy_1.jpg.1420x800.jpg,https://image1.ljcdn.com/110000-inspection/pc0_2EkWr9wsw_1.jpg.1420x800.jpg,https://image1.ljcdn.com/x-se/hdic-frame/standard_b4b88f39-40ab-4299-8def-ded366615a3d.png.1066x800.jpg,https://image1.ljcdn.com/110000-inspection/apc_UZBZtjesb_1.jpg.1420x800.jpg,https://image1.ljcdn.com/110000-inspection/pc0_iQV1kSxiw_1.jpg.1420x800.jpg,https://image1.ljcdn.com/110000-inspection/pc0_jfspppLZ8_1.jpg.1420x800.jpg,https://image1.ljcdn.com/110000-inspection/pc0_vNwdkgBS1_1.jpg.1420x800.jpg",无,2003-08-12,一梯两户, ,无抵押,共有,2021-06-08,,简装,220,6,商品房,24472
88.63,,新城龙湖湾上风华,南,低楼层 (共17层),次新房，户型方正，小区环境舒适_杭州江干丁桥新城龙湖湾上风华二手房(杭州链家),103115489110,3室2厅1厨2卫,普通住宅,满两年,"https://image1.ljcdn.com/110000-inspection/pc1_qIX6s1bZK_1.jpg.1420x800.jpg,https://image1.ljcdn.com/110000-inspection/pc0_ldhqHUZwL_1.jpg.1420x800.jpg,https://image1.ljcdn.com/110000-inspection/apc_I5mqBWakg_1.jpg.1420x800.jpg,https://image1.ljcdn.com/x-se/hdic-frame/standard_dc06b3c4-2cc0-4d68-9554-5786de32684e.png.1066x800.jpg,https://image1.ljcdn.com/110000-inspection/pc0_8Fk3vSNpN_1.jpg.1420x800.jpg,https://image1.ljcdn.com/110000-inspection/pc0_UYzxEYvp0_1.jpg.1420x800.jpg,https://image1.ljcdn.com/110000-inspection/pc0_mqVc50qYq_1.jpg.1420x800.jpg,https://image1.ljcdn.com/110000-inspection/pc0_ymQACgyxx_1.jpg.1420x800.jpg,https://image1.ljcdn.com/110000-inspection/pc0_MUMy2uhhI_1.jpg.1420x800.jpg",有,2019-04-22,两梯四户, ,有抵押92万元,非共有,2021-06-09,,毛坯,250,17,商品房,28208
75.64,,蚕花园永宁坊,南,高楼层 (共7层),拱北精装大三房未住过，南北通，采光透亮，_杭州拱墅拱宸桥蚕花园永宁坊二手房(杭州链家),103115354881,3室1厅1厨1卫,普通住宅,满五年,"https://image1.ljcdn.com/110000-inspection/pc1_AmwUjupQK_1.jpg.1420x800.jpg,https://image1.ljcdn.com/110000-inspection/pc0_V67Upk8qD_1.jpg.1420x800.jpg,https://image1.ljcdn.com/110000-inspection/apc_G3waAiiaE_1.jpg.1420x800.jpg,https://image1.ljcdn.com/x-se/hdic-frame/standard_174a567a-f9a3-4569-8eb5-af96b827d1d6.png.1066x800.jpg,https://image1.ljcdn.com/110000-inspection/apc_1NCYD99Up_1.jpg.1420x800.jpg,https://image1.ljcdn.com/110000-inspection/apc_18Ay9Wbtg_1.jpg.1420x800.jpg,https://image1.ljcdn.com/110000-inspection/pc0_wPnqWP9od_1.jpg.1420x800.jpg,https://image1.ljcdn.com/110000-inspection/pc0_h9Q7DL9OK_1.jpg.1420x800.jpg,https://image1.ljcdn.com/110000-inspection/pc0_L7JRtGZJT_1.jpg.1420x800.jpg",无,2002-05-21,一梯两户, ,无抵押,非共有,2021-06-02,,精装,271,7,商品房,35828
116.69,103.19,天阳棕榈湾二期,南,高楼层 (共6层),店长推荐满五唯一全明户型采光好双阳台精装修拎包入住_杭州余杭良渚天阳棕榈湾二期二手房(杭州链家),103115341829,3室2厅1厨2卫,普通住宅,满五年,"https://image1.ljcdn.com/110000-inspection/pc1_pnrZhj5PH.jpg.1420x800.jpg,https://image1.ljcdn.com/110000-inspection/pc0_ZrjzzNgoU.jpg.1420x800.jpg,https://image1.ljcdn.com/110000-inspection/apc_O3XvgRzKc_1.jpg.1420x800.jpg,https://image1.ljcdn.com/x-se/hdic-frame/standard_34f5e8e1-f430-4073-980c-b64a9ff8f6e5.png.1066x800.jpg,https://image1.ljcdn.com/110000-inspection/pc0_P5bwLJQHa.jpg.1420x800.jpg,https://image1.ljcdn.com/110000-inspection/apc_1uhO1U7oN_1.jpg.1420x800.jpg,https://image1.ljcdn.com/110000-inspection/pc0_UhiuDLdnv.jpg.1420x800.jpg,https://image1.ljcdn.com/110000-inspection/pc0_rrOXSLW66.jpg.1420x800.jpg,https://image1.ljcdn.com/110000-inspection/pc0_8u8cTpx59.jpg.1420x800.jpg",无,2015-12-04,一梯两户, ,有抵押80万元,共有,2021-06-01,,精装,308,6,商品房,26395
86.97,78.49,永康苑,南 北,中楼层 (共7层),清爽装修，三房标准标准格局，随时看房方便_杭州下城建国北路永康苑二手房(杭州链家),103115299564,3室1厅1厨1卫,普通住宅,满五年,"https://image1.ljcdn.com/110000-inspection/pc1_roFYx5jrk_1.jpg.1420x800.jpg,https://image1.ljcdn.com/110000-inspection/pc0_USqobRdIb_1.jpg.1420x800.jpg,https://image1.ljcdn.com/110000-inspection/apc_Gz0mSeKdw_1.jpg.1420x800.jpg,https://image1.ljcdn.com/x-se/hdic-frame/standard_81d7794b-45f8-437a-afc8-cdfebf695c0e.png.1066x800.jpg,https://image1.ljcdn.com/110000-inspection/apc_5zIz2Ivkz_1.jpg.1420x800.jpg,https://image1.ljcdn.com/110000-inspection/pc0_sks8jwgvt_1.jpg.1420x800.jpg,https://image1.ljcdn.com/110000-inspection/pc0_4v1mJXQi5_1.jpg.1420x800.jpg,https://image1.ljcdn.com/110000-inspection/pc0_rHZaK3HYz_1.jpg.1420x800.jpg",无,2010-01-12,一梯两户, ,无抵押,共有,2021-05-30,,简装,378,7,已购公房,43464
89.18,,华元欢乐城,南,中楼层 (共34层),房东置换房子诚心出售清爽装修可直接入住_杭州临平区临平华元欢乐城二手房(杭州链家),103115499618,3室1厅1厨1卫,普通住宅,满两年,"https://image1.ljcdn.com/110000-inspection/pc1_7bLpa1siz_1.jpg.1420x800.jpg,https://image1.ljcdn.com/110000-inspection/pc0_LU1hKHXAD_1.jpg.1420x800.jpg,https://image1.ljcdn.com/110000-inspection/pc0_CkQKdZWFn_1.jpg.1420x800.jpg,https://image1.ljcdn.com/x-se/hdic-frame/standard_a84ae9a6-d128-446c-8619-225196f0c62a.png.1066x800.jpg,https://image1.ljcdn.com/110000-inspection/pc0_aRaX6fN9K_1.jpg.1420x800.jpg,https://image1.ljcdn.com/110000-inspection/apc_UFZE8LFwq_1.jpg.1420x800.jpg,https://image1.ljcdn.com/110000-inspection/pc0_ZSMEGVPKt_1.jpg.1420x800.jpg,https://image1.ljcdn.com/110000-inspection/pc0_SCmklNCNP_1.jpg.1420x800.jpg",有,2017-05-13,两梯四户, ,无抵押,非共有,2021-06-10,,简装,260,34,商品房,29155
89.05,71.44,南北乐章,南,低楼层 (共18层),瓶窑新区精装3房好楼层随时看房_杭州余杭瓶窑南北乐章二手房(杭州链家),103115315800,3室2厅1厨1卫,普通住宅,满五年,"https://image1.ljcdn.com/110000-inspection/pc1_sP7Zgxwj9_1.jpg.1420x800.jpg,https://image1.ljcdn.com/110000-inspection/apc_JusF1JDz5_1.jpg.1420x800.jpg,https://image1.ljcdn.com/110000-inspection/pc0_p08C869C3_1.jpg.1420x800.jpg,https://image1.ljcdn.com/x-se/hdic-frame/standard_86647d9c-e684-4945-936a-d1bf5b67a13d.png.1066x800.jpg,https://image1.ljcdn.com/110000-inspection/pc0_5xgcIISUG_1.jpg.1420x800.jpg,https://image1.ljcdn.com/110000-inspection/pc0_sk3zX3NTt_1.jpg.1420x800.jpg,https://image1.ljcdn.com/110000-inspection/pc0_NnZBNyeIA_1.jpg.1420x800.jpg,https://image1.ljcdn.com/110000-inspection/pc0_lCMEAgdGV_1.jpg.1420x800.jpg",有,2015-03-11,两梯三户, ,有抵押26万元客户偿还,共有,2021-05-31,,精装,270,18,商品房,30321
96.66,77.21,锦昌年华,南 北,高楼层 (共14层),崇贤新城锦昌年华上亿广场边三房电梯房中间楼层_杭州临平区崇贤锦昌年华二手房(杭州链家),103115328361,3室2厅1厨1卫,普通住宅,满五年,"https://image1.ljcdn.com/110000-inspection/pc1_JMCNqM3Rw.jpg.1420x800.jpg,https://image1.ljcdn.com/110000-inspection/pc0_xQZTBHulC.jpg.1420x800.jpg,https://image1.ljcdn.com/110000-inspection/pc0_FS48BoXqy.jpg.1420x800.jpg,https://image1.ljcdn.com/x-se/hdic-frame/standard_3639be11-676b-4702-8a79-92d1c1f1ee29.png.1066x800.jpg,https://image1.ljcdn.com/110000-inspection/pc0_wX9N1uJeQ.jpg.1420x800.jpg,https://image1.ljcdn.com/110000-inspection/pc0_J9FdaRzak.jpg.1420x800.jpg,https://image1.ljcdn.com/110000-inspection/pc0_K8PkNnARG.jpg.1420x800.jpg,https://image1.ljcdn.com/110000-inspection/pc0_LJdowzyfY.jpg.1420x800.jpg,https://image1.ljcdn.com/110000-inspection/pc0_Rx7C18QVV.jpg.1420x800.jpg",无,2013-08-26,一梯两户, ,无抵押,共有,2021-06-01,,简装,245,14,商品房,25347
89.31,67.57,新城红郡,南,低楼层 (共24层),新城红郡小区，自住装修，看房方便可拎包入住_杭州江干丁桥新城红郡二手房(杭州链家),103115441221,3室1厅1厨1卫,普通住宅,满两年,"https://image1.ljcdn.com/110000-inspection/pc1_KiAopzXnC_1.jpg.1420x800.jpg,https://image1.ljcdn.com/110000-inspection/apc_dl5mmsTpp_1.jpg.1420x800.jpg,https://image1.ljcdn.com/110000-inspection/pc0_u3aUQfpip_1.jpg.1420x800.jpg,https://image1.ljcdn.com/x-se/hdic-frame/standard_19c1ebec-66b3-4240-9d59-0833b81c69a0.png.1066x800.jpg,https://image1.ljcdn.com/110000-inspection/pc0_TC6p5R0zA_1.jpg.1420x800.jpg,https://image1.ljcdn.com/110000-inspection/apc_OTEglWDXh_1.jpg.1420x800.jpg,https://image1.ljcdn.com/110000-inspection/pc0_4oqyNzfG2_1.jpg.1420x800.jpg,https://image1.ljcdn.com/110000-inspection/pc0_MsqRoUtjU_1.jpg.1420x800.jpg",有,2019-05-15,两梯四户, ,有抵押87万元88,非共有,2021-06-07,,简装,243,24,商品房,27209
103,,亲亲家园一期,南,中楼层 (共6层),此房满五年有钥匙不沿马路采光通透三开间朝南_杭州余杭三墩亲亲家园一期二手房(杭州链家),103115437836,3室2厅1厨1卫,普通住宅,满五年,"https://image1.ljcdn.com/110000-inspection/apc_xxU3lk1f4_1.jpg.1420x800.jpg,https://image1.ljcdn.com/110000-inspection/apc_9TDFiVVIJ_1.jpg.1420x800.jpg,https://image1.ljcdn.com/x-se/hdic-frame/standard_a9dc17b1-9d8b-4062-b17d-51cc52293fc1.png.1066x800.jpg,https://image1.ljcdn.com/110000-inspection/apc_OHmBf4LCN_1.jpg.1420x800.jpg,https://image1.ljcdn.com/110000-inspection/apc_7QXsUSgvN_1.jpg.1420x800.jpg,https://image1.ljcdn.com/110000-inspection/pc0_6F77NAsv7_1.jpg.1420x800.jpg,https://image1.ljcdn.com/110000-inspection/pc0_MZilnijsd_1.jpg.1420x800.jpg",无,2006-06-20,一梯两户, ,无抵押,非共有,2021-06-06,,简装,360,6,商品房,34952
112.27,,天都花园,南,中楼层 (共6层),天都花园，临平老城区，户型方正，大三房_杭州临平区临平天都花园二手房(杭州链家),103115314883,3室2厅1厨2卫,普通住宅,满两年,"https://image1.ljcdn.com/110000-inspection/pc1_p5Y2DDCoZ_1.jpg.1420x800.jpg,https://image1.ljcdn.com/110000-inspection/pc0_bo4NHNsGM_1.jpg.1420x800.jpg,https://image1.ljcdn.com/110000-inspection/pc0_iy2NQGLgX_1.jpg.1420x800.jpg,https://image1.ljcdn.com/x-se/hdic-frame/standard_8a8a145b-ce5f-4164-b80f-9552b97c656d.png.1066x800.jpg,https://image1.ljcdn.com/110000-inspection/pc0_gpoOOb5pm_1.jpg.1420x800.jpg,https://image1.ljcdn.com/110000-inspection/pc0_lVBcydyXn_1.jpg.1420x800.jpg,https://image1.ljcdn.com/110000-inspection/pc0_ZDnZYkwDp_1.jpg.1420x800.jpg,https://image1.ljcdn.com/110000-inspection/pc0_xvkbr0isW_1.jpg.1420x800.jpg,https://image1.ljcdn.com/110000-inspection/pc0_gIk2QHTkN_1.jpg.1420x800.jpg",无,2018-05-21,一梯一户, ,无抵押,非共有,2021-05-31,,简装,205,6,商品房,18260
75.71,,佳肴弄,南,中楼层 (共6层),临平佳肴弄中间楼层诚心出售看房方便_杭州临平区临平佳肴弄二手房(杭州链家),103115290199,3室2厅1厨1卫,普通住宅,满两年,"https://image1.ljcdn.com/110000-inspection/pc0_zy4RvEQ9g_1.jpg.1420x800.jpg,https://image1.ljcdn.com/110000-inspection/pc0_iX6zbIoIm_1.jpg.1420x800.jpg,https://image1.ljcdn.com/x-se/hdic-frame/standard_8ca5bb6f-8a96-4bbf-bf05-8055ff86deda.png.1066x800.jpg,https://image1.ljcdn.com/110000-inspection/pc0_lgwnyngdK_1.jpg.1420x800.jpg,https://image1.ljcdn.com/110000-inspection/pc0_LkLJpbXH2_1.jpg.1420x800.jpg,https://image1.ljcdn.com/110000-inspection/pc0_xZUsvCoBR_1.jpg.1420x800.jpg,https://image1.ljcdn.com/110000-inspection/pc0_qc8k7XURE_1.jpg.1420x800.jpg",无,2017-09-05,一梯两户, ,无抵押,共有,2021-05-29,,简装,155,6,商品房,20473
88.42,,景瑞悦西台,南,高楼层 (共27层),景瑞悦西台开发商精装三房两卫全明户型双阳台_杭州拱墅申花景瑞悦西台二手房(杭州链家),103115397180,3室2厅1厨2卫,普通住宅,满两年,"https://image1.ljcdn.com/110000-inspection/pc1_cjllHwvZk.jpg.1420x800.jpg,https://image1.ljcdn.com/110000-inspection/pc0_Y1QxrUrZS.jpg.1420x800.jpg,https://image1.ljcdn.com/110000-inspection/pc0_UpnxddMUW.jpg.1420x800.jpg,https://image1.ljcdn.com/x-se/hdic-frame/standard_ab3848b9-3d39-465b-a891-4e38cc7cea70.png.1066x800.jpg,https://image1.ljcdn.com/110000-inspection/pc0_DyM9KirdA.jpg.1420x800.jpg,https://image1.ljcdn.com/110000-inspection/pc0_OYyPieUUC.jpg.1420x800.jpg,https://image1.ljcdn.com/110000-inspection/pc0_qmIgc9TZo.jpg.1420x800.jpg,https://image1.ljcdn.com/110000-inspection/pc0_QEnxrhb9p.jpg.1420x800.jpg,https://image1.ljcdn.com/110000-inspection/pc0_90MALHj6i.jpg.1420x800.jpg",有,2017-12-11,两梯四户, ,无抵押,非共有,2021-06-04,,精装,650,27,商品房,73513
100.32,,南城景园,南 北,中楼层 (共6层),单价不到2W湖景房三房户型楼层好毛坯房_杭州萧山南部卧城南城景园二手房(杭州链家),103115320851,3室2厅1厨2卫,普通住宅,满两年,"https://image1.ljcdn.com/110000-inspection/pc1_DUNDE6i5p_1.jpg.1420x800.jpg,https://image1.ljcdn.com/110000-inspection/apc_W6FYlN46E_1.jpg.1420x800.jpg,https://image1.ljcdn.com/110000-inspection/apc_fLAowVEH7_1.jpg.1420x800.jpg,https://image1.ljcdn.com/x-se/hdic-frame/standard_9afa50a0-dbf3-415c-b882-fbc7289e0699.png.1066x800.jpg,https://image1.ljcdn.com/110000-inspection/pc0_MZS1hHy24_1.jpg.1420x800.jpg,https://image1.ljcdn.com/110000-inspection/apc_T3BlEe7HI_1.jpg.1420x800.jpg,https://image1.ljcdn.com/110000-inspection/pc0_dhgrtuvfX_1.jpg.1420x800.jpg,https://image1.ljcdn.com/110000-inspection/pc0_ptjQ7Q6pV_1.jpg.1420x800.jpg,https://image1.ljcdn.com/110000-inspection/pc0_2O8ZoAKNo_1.jpg.1420x800.jpg",无,2018-01-29,一梯两户, ,无抵押,共有,2021-05-31,,毛坯,200,6,商品房,19937
89.55,,钱塘梧桐蓝山,南,中楼层 (共24层),钱塘梧桐蓝山3室1厅南_杭州临平区临平钱塘梧桐蓝山二手房(杭州链家),103115309211,3室1厅1厨1卫,普通住宅,满两年,"https://image1.ljcdn.com/110000-inspection/pc1_IfelP9gXc_1.jpg.1420x800.jpg,https://image1.ljcdn.com/110000-inspection/apc_fjUhLUp1j_1.jpg.1420x800.jpg,https://image1.ljcdn.com/110000-inspection/apc_HOVZIgPTl_1.jpg.1420x800.jpg,https://image1.ljcdn.com/x-se/hdic-frame/standard_ac0a1656-29dc-40d4-a47a-b3d32103bb5d.png.1066x800.jpg,https://image1.ljcdn.com/110000-inspection/apc_iB8YBabNt_1.jpg.1420x800.jpg,https://image1.ljcdn.com/110000-inspection/apc_oqB9kEouf_1.jpg.1420x800.jpg,https://image1.ljcdn.com/110000-inspection/pc0_hUsGPXa2P_1.jpg.1420x800.jpg,https://image1.ljcdn.com/110000-inspection/pc0_cRrMw77j8_1.jpg.1420x800.jpg",有,2018-03-15,两梯三户, ,有抵押50万元,非共有,2021-05-30,,简装,255,24,商品房,28476
73.86,59.16,小河佳苑,南 北,低楼层 (共15层),精装修，全明小三房，诚心出售，随时可看_杭州拱墅和睦小河佳苑二手房(杭州链家),103115444443,3室1厅1厨1卫,普通住宅,满五年,"https://image1.ljcdn.com/110000-inspection/pc1_SHYNRAkX1_1.jpg.1420x800.jpg,https://image1.ljcdn.com/110000-inspection/pc0_HjC2U6tIM_1.jpg.1420x800.jpg,https://image1.ljcdn.com/110000-inspection/pc0_f3EejGv4g_1.jpg.1420x800.jpg,https://image1.ljcdn.com/x-se/hdic-frame/standard_7ec2c424-ac61-4dca-88a3-ae9cbb9c456b.png.1066x800.jpg,https://image1.ljcdn.com/110000-inspection/pc0_XlwPcxL9d_1.jpg.1420x800.jpg,https://image1.ljcdn.com/110000-inspection/pc0_7gC1D9YhX_1.jpg.1420x800.jpg,https://image1.ljcdn.com/110000-inspection/pc0_pqBzKsN66_1.jpg.1420x800.jpg,https://image1.ljcdn.com/110000-inspection/pc0_y007c8b6d_1.jpg.1420x800.jpg",有,2009-09-15,一梯三户, ,无抵押,非共有,2021-06-07,,精装,285,15,回迁房,38587
118.93,95.6,昆仑天籁,东南,低楼层 (共16层),精装修一年，东边套，4房带洗衣间，30方露台_杭州江干丁桥昆仑天籁二手房(杭州链家),103115354105,4室2厅1厨2卫,普通住宅,满两年,"https://image1.ljcdn.com/110000-inspection/apc_L0dtawzEb_1.jpg.1420x800.jpg,https://image1.ljcdn.com/110000-inspection/pc0_3NwaxJoq9_1.jpg.1420x800.jpg,https://image1.ljcdn.com/x-se/hdic-frame/standard_07b42fbb-2a6c-4485-ac42-c35d6e4ddb71.png.1066x800.jpg,https://image1.ljcdn.com/110000-inspection/apc_cKzwdArQE_1.jpg.1420x800.jpg,https://image1.ljcdn.com/110000-inspection/apc_Y3zXhezl8_1.jpg.1420x800.jpg,https://image1.ljcdn.com/110000-inspection/apc_c1EW7PRfX_1.jpg.1420x800.jpg,https://image1.ljcdn.com/110000-inspection/pc0_C61ygirpN_1.jpg.1420x800.jpg,https://image1.ljcdn.com/110000-inspection/pc0_VDmjoQIWv_1.jpg.1420x800.jpg,https://image1.ljcdn.com/110000-inspection/pc0_wGQyzAtjD_1.jpg.1420x800.jpg",有,2017-04-27,两梯四户, ,有抵押,非共有,2021-06-02,,精装,460,16,商品房,38679
136.51,104.74,绿城桃源小镇,东南,低楼层 (共33层),桃源小镇精装边套因置换忍痛割爱诚意出售_杭州余杭闲林绿城桃源小镇二手房(杭州链家),103115351400,4室2厅1厨2卫,普通住宅,满五年,"https://image1.ljcdn.com/110000-inspection/pc1_p6yHxYkh1_1.jpg.1420x800.jpg,https://image1.ljcdn.com/110000-inspection/pc0_g12xNDepm_1.jpg.1420x800.jpg,https://image1.ljcdn.com/110000-inspection/pc0_64HFwvM1u_1.jpg.1420x800.jpg,https://image1.ljcdn.com/x-se/hdic-frame/standard_98b39416-3841-4d2e-bf7a-974e33153d4c.png.1066x800.jpg,https://image1.ljcdn.com/110000-inspection/pc0_mnpPOXcND_1.jpg.1420x800.jpg,https://image1.ljcdn.com/110000-inspection/pc0_T4Dibx7PT_1.jpg.1420x800.jpg,https://image1.ljcdn.com/110000-inspection/pc0_GwrQzAkTa_1.jpg.1420x800.jpg,https://image1.ljcdn.com/110000-inspection/pc0_pVtr8QREP_1.jpg.1420x800.jpg,https://image1.ljcdn.com/110000-inspection/pc0_P4pXU65ua_1.jpg.1420x800.jpg",有,2015-04-16,两梯四户, ,无抵押,非共有,2021-06-02,,精装,420,33,商品房,30767
88.8,,赞成美树,南 西南,中楼层 (共16层),纯边套，楼层好采光好，视野开阔，双阳台居家好房_杭州余杭勾庄赞成美树二手房(杭州链家),103115485106,3室2厅1厨1卫,普通住宅,满两年,"https://image1.ljcdn.com/110000-inspection/pc0_egP36tyVQ_1.jpg.1420x800.jpg,https://image1.ljcdn.com/110000-inspection/pc0_0TQ8dayd1_1.jpg.1420x800.jpg,https://image1.ljcdn.com/x-se/hdic-frame/standard_8279ae62-e2e1-4241-8662-5259862fac94.png.1066x800.jpg,https://image1.ljcdn.com/110000-inspection/pc0_hpNCxAyQp_1.jpg.1420x800.jpg,https://image1.ljcdn.com/110000-inspection/pc0_fv4SBSSzR_1.jpg.1420x800.jpg,https://image1.ljcdn.com/110000-inspection/pc0_mzhQ77fqf_1.jpg.1420x800.jpg,https://image1.ljcdn.com/110000-inspection/pc0_pXiZOfN0F_1.jpg.1420x800.jpg",有,2018-04-28,一梯两户, ,有抵押51万元,共有,2021-06-09,,毛坯,270,16,商品房,30406
85.66,,春风江南府,南,中楼层 (共18层),次新小区装修简单清爽中上楼层采光好房东诚售_杭州临平区塘栖春风江南府二手房(杭州链家),103115254825,3室2厅1厨1卫,普通住宅,满两年,"https://image1.ljcdn.com/110000-inspection/pc1_DaXI7RMJs_1.jpg.1420x800.jpg,https://image1.ljcdn.com/110000-inspection/apc_plf5iKdxL_1.jpg.1420x800.jpg,https://image1.ljcdn.com/110000-inspection/pc0_ykKbapbuY_1.jpg.1420x800.jpg,https://image1.ljcdn.com/x-se/hdic-frame/standard_b110d0d9-d244-4d3d-8fea-fc3c218ecc89.png.1066x800.jpg,https://image1.ljcdn.com/110000-inspection/apc_HXcqbkIYZ_1.jpg.1420x800.jpg,https://image1.ljcdn.com/110000-inspection/pc0_3d4bFnsY2_1.jpg.1420x800.jpg,https://image1.ljcdn.com/110000-inspection/pc0_maXclBAmQ_1.jpg.1420x800.jpg,https://image1.ljcdn.com/110000-inspection/pc0_qvyxN2UU4_1.jpg.1420x800.jpg",有,2018-05-10,两梯四户, ,有抵押97万元,共有,2021-05-27,,简装,180,18,商品房,21014
60.72,,保健路138-170号,南,高楼层 (共5层),精装修，拎包入住，采光好，三房两厅，房东诚心出售_杭州临平区临平保健路138-170号二手房(杭州链家),103115418124,3室2厅1厨1卫,普通住宅,满五年,"https://image1.ljcdn.com/110000-inspection/pc1_xwb3YkSDW_1.jpg.1420x800.jpg,https://image1.ljcdn.com/110000-inspection/pc0_UbfEcoXFE_1.jpg.1420x800.jpg,https://image1.ljcdn.com/110000-inspection/pc0_qDZPGsvzi_1.jpg.1420x800.jpg,https://image1.ljcdn.com/x-se/hdic-frame/standard_3cf35de1-e4d3-40a3-ae5e-d3d03817311c.png.1066x800.jpg,https://image1.ljcdn.com/110000-inspection/pc0_tcMVftb4i_1.jpg.1420x800.jpg,https://image1.ljcdn.com/110000-inspection/pc0_al2pbIBUC_1.jpg.1420x800.jpg,https://image1.ljcdn.com/110000-inspection/pc0_AU7MNNO63_1.jpg.1420x800.jpg,https://image1.ljcdn.com/110000-inspection/pc0_5B9PTL18K_1.jpg.1420x800.jpg",无,2003-05-21,一梯两户, ,无抵押,非共有,2021-06-05,,精装,148,5,商品房,24375
134.66,,星汇花园,南,中楼层 (共32层),星汇花园，高楼层，视野开阔，交通方便._杭州临安青山湖科技城星汇花园二手房(杭州链家),103115388918,3室2厅1厨2卫,普通住宅,满五年,"https://image1.ljcdn.com/110000-inspection/pc1_0ZmOjR0ax_1.jpg.1420x800.jpg,https://image1.ljcdn.com/110000-inspection/apc_PFbT6A01E_1.jpg.1420x800.jpg,https://image1.ljcdn.com/110000-inspection/apc_UKY9XuzFq_1.jpg.1420x800.jpg,https://image1.ljcdn.com/x-se/hdic-frame/standard_6fb93ca3-1dd3-4b30-9587-b32a428634e5.png.1066x800.jpg,https://image1.ljcdn.com/110000-inspection/apc_lpXpyGbGn_1.jpg.1420x800.jpg,https://image1.ljcdn.com/110000-inspection/apc_91p6tR3so_1.jpg.1420x800.jpg,https://image1.ljcdn.com/110000-inspection/pc0_dywqJtuqr_1.jpg.1420x800.jpg,https://image1.ljcdn.com/110000-inspection/pc0_0CyWvJ1HX_1.jpg.1420x800.jpg,https://image1.ljcdn.com/110000-inspection/pc0_KMk2cYQwr_1.jpg.1420x800.jpg",有,2016-03-04,两梯四户, ,有抵押160万元邮政储蓄,共有,2021-06-04,,毛坯,270,32,商品房,20051
81.96,,久睦苑,南,中楼层 (共16层),久睦苑精装三居室看房方便拎包入住满五_杭州江干丁桥久睦苑二手房(杭州链家),103115271779,3室2厅1厨1卫,普通住宅,满五年,"https://image1.ljcdn.com/110000-inspection/pc1_iIvkfZAuZ_1.jpg.1420x800.jpg,https://image1.ljcdn.com/110000-inspection/pc0_IAW0RtfPp_1.jpg.1420x800.jpg,https://image1.ljcdn.com/110000-inspection/pc0_wl6qlZWfq_1.jpg.1420x800.jpg,https://image1.ljcdn.com/x-se/hdic-frame/standard_690631a6-9a0b-4ba4-ba0f-18579c66ff9b.png.1066x800.jpg,https://image1.ljcdn.com/110000-inspection/apc_XyYcaeahT_1.jpg.1420x800.jpg,https://image1.ljcdn.com/110000-inspection/apc_PLR8ZVgxX_1.jpg.1420x800.jpg,https://image1.ljcdn.com/110000-inspection/pc0_fS13WQMBf_1.jpg.1420x800.jpg,https://image1.ljcdn.com/110000-inspection/pc0_wSOOnPv20_1.jpg.1420x800.jpg",有,2015-06-17,两梯四户, ,无抵押,共有,2021-05-28,,精装,240,16,商品房,29283
126.93,,绿城莲园,南,高楼层 (共25层),东边套，业主诚心出售，绿城品质小区_杭州临平区临平绿城莲园二手房(杭州链家),103115247583,3室2厅1厨2卫,普通住宅,满两年,"https://image1.ljcdn.com/110000-inspection/pc1_lEYTxji0b_1.jpg.1420x800.jpg,https://image1.ljcdn.com/110000-inspection/pc0_GF4m8z9YA_1.jpg.1420x800.jpg,https://image1.ljcdn.com/110000-inspection/pc0_n3wh6wb46_1.jpg.1420x800.jpg,https://image1.ljcdn.com/x-se/hdic-frame/standard_8dbd2c0f-6f95-4cf4-8f03-bd8188dcd799.png.1066x800.jpg,https://image1.ljcdn.com/110000-inspection/pc0_nimBqTxPa_1.jpg.1420x800.jpg,https://image1.ljcdn.com/110000-inspection/pc0_I7TEnsrRH_1.jpg.1420x800.jpg,https://image1.ljcdn.com/110000-inspection/pc0_AmCnJgKE9_1.jpg.1420x800.jpg,https://image1.ljcdn.com/110000-inspection/pc0_A1FDhG44k_1.jpg.1420x800.jpg,https://image1.ljcdn.com/110000-inspection/pc0_yRNsS8uaP_1.jpg.1420x800.jpg",有,2017-01-23,两梯两户, ,有抵押200万元,非共有,2021-05-27,,精装,323,25,商品房,25448
150.03,131.16,南城景园,南,高楼层 (共6层),南城景园，满五唯一，环境优美，房东诚心出售_杭州萧山南部卧城南城景园二手房(杭州链家),103115252324,4室2厅1厨2卫,普通住宅,满五年,"https://image1.ljcdn.com/110000-inspection/pc0_2ADq75men_1.jpg.1420x800.jpg,https://image1.ljcdn.com/110000-inspection/apc_u500hYDhp_1.jpg.1420x800.jpg,https://image1.ljcdn.com/x-se/hdic-frame/standard_9f3c607a-117f-4bd2-a0e9-4b6fd1bf925b.png.1066x800.jpg,https://image1.ljcdn.com/110000-inspection/pc0_3zjy3h2Lh_1.jpg.1420x800.jpg,https://image1.ljcdn.com/110000-inspection/apc_bmI53RGFL_1.jpg.1420x800.jpg,https://image1.ljcdn.com/110000-inspection/pc0_ICVeMFvYL_1.jpg.1420x800.jpg,https://image1.ljcdn.com/110000-inspection/pc0_jUnhoprDf_1.jpg.1420x800.jpg,https://image1.ljcdn.com/110000-inspection/pc0_sYaPj06AV_1.jpg.1420x800.jpg",有,2012-12-26,两梯两户, ,无抵押,共有,2021-05-27,,毛坯,260,6,商品房,17330
88.86,,天阳观筑,南 北,低楼层 (共17层),天阳观筑精装自住采光视野好户型正气三口之家总价低_杭州江干丁桥天阳观筑二手房(杭州链家),103115474267,3室2厅1厨1卫,普通住宅,满五年,"https://image1.ljcdn.com/110000-inspection/apc_UUdNKQUXy_1.jpg.1420x800.jpg,https://image1.ljcdn.com/110000-inspection/pc0_99uV5CxCc_1.jpg.1420x800.jpg,https://image1.ljcdn.com/x-se/hdic-frame/standard_eaf3bc23-c6b1-4158-9ffc-0676ac67c5d5.png.1066x800.jpg,https://image1.ljcdn.com/110000-inspection/apc_dPRZrdPXD_1.jpg.1420x800.jpg,https://image1.ljcdn.com/110000-inspection/pc0_OExrGsJzA_1.jpg.1420x800.jpg,https://image1.ljcdn.com/110000-inspection/pc0_t2dzDhZex_1.jpg.1420x800.jpg,https://image1.ljcdn.com/110000-inspection/pc0_QgWx6QlP1_1.jpg.1420x800.jpg",有,2012-08-31,两梯三户, ,有抵押185万元业主自还,非共有,2021-06-08,,精装,310,17,商品房,34887
130.99,,澜颂奥府,南,高楼层 (共27层),新城香悦奥府4房诚售，户型好，看房方便！_杭州萧山萧山新城区澜颂奥府二手房(杭州链家),103115257620,4室2厅1厨2卫,普通住宅,满两年,"https://image1.ljcdn.com/110000-inspection/pc1_tj3jPfD1D_1.jpg.1420x800.jpg,https://image1.ljcdn.com/110000-inspection/pc0_Emqce0yKd_1.jpg.1420x800.jpg,https://image1.ljcdn.com/110000-inspection/pc0_5KRhAMh2g_1.jpg.1420x800.jpg,https://image1.ljcdn.com/x-se/hdic-frame/standard_6623c826-298c-4afb-bc59-45d6e05a3b9c.png.1066x800.jpg,https://image1.ljcdn.com/110000-inspection/apc_rk5KzM2Xu_1.jpg.1420x800.jpg,https://image1.ljcdn.com/110000-inspection/pc0_SBsoYRY3b_1.jpg.1420x800.jpg,https://image1.ljcdn.com/110000-inspection/apc_Ss0CrMQsn_1.jpg.1420x800.jpg,https://image1.ljcdn.com/110000-inspection/pc0_CTdTUh0LR_1.jpg.1420x800.jpg,https://image1.ljcdn.com/110000-inspection/pc0_ZnTxaRCai_1.jpg.1420x800.jpg,https://image1.ljcdn.com/110000-inspection/pc0_5ZEluhyNV_1.jpg.1420x800.jpg",有,2018-10-09,两梯两户, ,有抵押130万元中国邮政储蓄银行股份有限公司业主自还,共有,2021-05-28,,毛坯,560,27,商品房,42752
69.45,,新星小区,南 北,中楼层 (共5层),新星小区，三房总价低，价格可谈，诚心出售_杭州西湖三墩新星小区二手房(杭州链家),103115430806,3室1厅1厨1卫,普通住宅,满五年,"https://image1.ljcdn.com/110000-inspection/pc1_FUasimpki.jpg.1420x800.jpg,https://image1.ljcdn.com/110000-inspection/pc0_KyA7livYr.jpg.1420x800.jpg,https://image1.ljcdn.com/110000-inspection/pc0_icOP4kd0K.jpg.1420x800.jpg,https://image1.ljcdn.com/x-se/hdic-frame/standard_cf60aad6-093d-495b-9d1a-98b0f8c36f28.png.1066x800.jpg,https://image1.ljcdn.com/110000-inspection/pc0_EAMMAPHtA.jpg.1420x800.jpg,https://image1.ljcdn.com/110000-inspection/pc0_ggJTR0iqi.jpg.1420x800.jpg,https://image1.ljcdn.com/110000-inspection/pc0_su2h6iOFm.jpg.1420x800.jpg,https://image1.ljcdn.com/110000-inspection/pc0_c6haL2jN3.jpg.1420x800.jpg",无,2005-02-02,一梯两户, ,无抵押,非共有,2021-06-06,,简装,235,5,商品房,33838
136.79,105.08,铂金时代公寓,南 北,低楼层 (共29层),如果您想找一套低总价大三房它就是您合适的选择~_杭州滨江滨江区政府铂金时代公寓二手房(杭州链家),103115535262,3室2厅1厨2卫,普通住宅,满五年,"https://image1.ljcdn.com/110000-inspection/pc0_PK15wZbhz_1.jpg.1420x800.jpg,https://image1.ljcdn.com/110000-inspection/pc0_4fB1cexcY_1.jpg.1420x800.jpg,https://image1.ljcdn.com/x-se/hdic-frame/standard_57d8f79c-2cbf-466c-8ec6-76206df73003.png.1066x800.jpg,https://image1.ljcdn.com/110000-inspection/pc0_KeaAhITiq_1.jpg.1420x800.jpg,https://image1.ljcdn.com/110000-inspection/pc0_s6AJblEjQ_1.jpg.1420x800.jpg,https://image1.ljcdn.com/110000-inspection/pc0_4GGjTJ5RD_1.jpg.1420x800.jpg,https://image1.ljcdn.com/110000-inspection/pc0_3IjOBrk9M_1.jpg.1420x800.jpg,https://image1.ljcdn.com/110000-inspection/pc0_gjcC8O3Bq_1.jpg.1420x800.jpg",有,2015-05-11,两梯三户, ,无抵押,非共有,2021-06-12,,简装,685,29,商品房,50077
89.29,72.34,昆仑天籁,南,高楼层 (共17层),三房精装修满五夹边套中间楼层_杭州江干丁桥昆仑天籁二手房(杭州链家),103115525924,3室1厅1厨1卫,普通住宅,满五年,"https://image1.ljcdn.com/110000-inspection/pc1_upaMMJI1o_1.jpg.1420x800.jpg,https://image1.ljcdn.com/110000-inspection/pc0_zv1rDwNH9_1.jpg.1420x800.jpg,https://image1.ljcdn.com/110000-inspection/pc0_ut0gzCVvd_1.jpg.1420x800.jpg,https://image1.ljcdn.com/x-se/hdic-frame/standard_2727facf-5cd1-4272-bcf5-7aa5a12d16e1.png.1066x800.jpg,https://image1.ljcdn.com/110000-inspection/pc0_HyyX1gN7r_1.jpg.1420x800.jpg,https://image1.ljcdn.com/110000-inspection/pc0_jAYjncztT_1.jpg.1420x800.jpg,https://image1.ljcdn.com/110000-inspection/pc0_smnKKjKuy_1.jpg.1420x800.jpg,https://image1.ljcdn.com/110000-inspection/pc0_5ZmG7OtjC_1.jpg.1420x800.jpg",有,2014-06-13,两梯三户, ,有抵押43万元农业银行解放支行业主自还,非共有,2021-06-11,,精装,320,17,商品房,35839
76.8,,正元都市阳光,南,中楼层 (共18层),都市阳光地铁口房东诚心出售_杭州萧山萧山新城区正元都市阳光二手房(杭州链家),103115667801,2室1厅1厨1卫,商住两用,满两年,"https://image1.ljcdn.com/110000-inspection/pc0_UEm9aheHP_1.jpg.1420x800.jpg,https://image1.ljcdn.com/110000-inspection/apc_ndo9WaGcZ_1.jpg.1420x800.jpg,https://image1.ljcdn.com/x-se/hdic-frame/standard_567c0035-bb61-4a37-b60e-f0da590a1e4a.png.1066x800.jpg,https://image1.ljcdn.com/110000-inspection/apc_ZAN1VtCYB_1.jpg.1420x800.jpg,https://image1.ljcdn.com/110000-inspection/pc0_XQBHQObwn_1.jpg.1420x800.jpg",有,2017-04-25,两梯三户, ,无抵押,共有,2021-06-20,,精装,155,18,商品房,20183
114.08,91.39,金帝金色钱塘,南,中楼层 (共18层),金色钱塘三房两卫户型，满五唯一，实景比vr好，诚心卖_杭州萧山萧山新城区金帝金色钱塘二手房(杭州链家),103115527702,3室2厅1厨2卫,普通住宅,满五年,"https://image1.ljcdn.com/110000-inspection/pc0_U6R57A4Xe_1.jpg.1420x800.jpg,https://image1.ljcdn.com/110000-inspection/pc0_otoAEKOTP_1.jpg.1420x800.jpg,https://image1.ljcdn.com/x-se/hdic-frame/standard_4660aae0-57d2-4860-a2ce-d9e91d277c9d.png.1066x800.jpg,https://image1.ljcdn.com/110000-inspection/pc0_0FuuyaCti_2.jpg.1420x800.jpg,https://image1.ljcdn.com/110000-inspection/pc0_313C62Wsb_1.jpg.1420x800.jpg,https://image1.ljcdn.com/110000-inspection/pc0_9kuPMO4sy_2.jpg.1420x800.jpg,https://image1.ljcdn.com/110000-inspection/pc0_tCPveaepI_1.jpg.1420x800.jpg,https://image1.ljcdn.com/110000-inspection/pc0_yEArB4n1e_1.jpg.1420x800.jpg",有,2009-10-12,一梯两户, ,无抵押,共有,2021-06-11,,精装,440,18,商品房,38570
102.3,82.66,元都新景公寓,南,高楼层 (共11层),满五年，三开间朝南楼层好采光好诚心卖房_杭州下城石桥元都新景公寓二手房(杭州链家),103115517007,3室2厅1厨1卫,普通住宅,满五年,"https://image1.ljcdn.com/110000-inspection/pc1_pHnVYt516_1.jpg.1420x800.jpg,https://image1.ljcdn.com/110000-inspection/apc_zW20eSq73_1.jpg.1420x800.jpg,https://image1.ljcdn.com/110000-inspection/apc_irn5JWZMm_1.jpg.1420x800.jpg,https://image1.ljcdn.com/x-se/hdic-frame/standard_71dc0d82-76f8-4524-afe4-ab8403b3a94e.png.1066x800.jpg,https://image1.ljcdn.com/110000-inspection/apc_ySjlpCqo5_1.jpg.1420x800.jpg,https://image1.ljcdn.com/110000-inspection/apc_84oeC9hR6_1.jpg.1420x800.jpg,https://image1.ljcdn.com/110000-inspection/pc0_0PvQGuQPp_1.jpg.1420x800.jpg,https://image1.ljcdn.com/110000-inspection/pc0_xAAV7yGbB_1.jpg.1420x800.jpg",有,2015-11-26,一梯两户, ,无抵押,共有,2021-06-11,,精装,300,11,商品房,29326
194.84,,华鼎豪园,精装,低楼层 (共3层),满五唯一税费少近地铁叠排户型通透带大露台_杭州临平区临平华鼎豪园二手房(杭州链家),103115554355,4室3厅1厨3卫,别墅,满五年,"https://image1.ljcdn.com/110000-inspection/pc0_xCF5D1nir_1.jpg.1420x800.jpg,https://image1.ljcdn.com/110000-inspection/pc0_O6AMM3agu_1.jpg.1420x800.jpg,https://image1.ljcdn.com/x-se/hdic-frame/standard_1460acc5-3e6c-4c85-b1aa-fe96a3c353b4.png.1066x800.jpg,https://image1.ljcdn.com/110000-inspection/pc0_x7OfioVu0_1.jpg.1420x800.jpg,https://image1.ljcdn.com/110000-inspection/pc0_TcSQyqNe2_1.jpg.1420x800.jpg,https://image1.ljcdn.com/110000-inspection/pc0_sQPh3xR5X_1.jpg.1420x800.jpg,https://image1.ljcdn.com/110000-inspection/pc0_WliK6nFQC_1.jpg.1420x800.jpg,https://image1.ljcdn.com/110000-inspection/pc0_6vfhL9EDC_1.jpg.1420x800.jpg,https://image1.ljcdn.com/110000-inspection/pc0_mfebtMAgF_1.jpg.1420x800.jpg,https://image1.ljcdn.com/110000-inspection/pc0_Il738xetL_1.jpg.1420x800.jpg",,2006-01-16,, ,有抵押20万元,共有,2021-06-13,,,550,3,商品房,28229
79.26,69.83,滨兴小区东区,南,低楼层 (共5层),满五唯一南北通双阳台拎包入住_杭州滨江长河滨兴小区东区二手房(杭州链家),103115565956,2室2厅1厨1卫,普通住宅,满五年,"https://image1.ljcdn.com/110000-inspection/pc0_zMDBT4hnI_1.jpg.1420x800.jpg,https://image1.ljcdn.com/110000-inspection/pc0_mQNaZDufi_1.jpg.1420x800.jpg,https://image1.ljcdn.com/x-se/hdic-frame/standard_a6d72b4c-8e8b-4459-a538-5935456d8871.png.1066x800.jpg,https://image1.ljcdn.com/110000-inspection/pc0_bFmLW5WP2_1.jpg.1420x800.jpg,https://image1.ljcdn.com/110000-inspection/pc0_VfTFOi8Ch_1.jpg.1420x800.jpg,https://image1.ljcdn.com/110000-inspection/pc0_vKxMvM3YP_1.jpg.1420x800.jpg,https://image1.ljcdn.com/110000-inspection/pc0_dqnPOjSVy_1.jpg.1420x800.jpg",无,2013-08-01,一梯三户, ,有抵押30万元农业银行业主自还,共有,2021-06-14,,精装,328,5,商品房,41383
89.27,73.11,金域兰庭,南,中楼层 (共11层),自住装修三房两卫，小高层正中楼层，满五年税费少_杭州萧山义桥金域兰庭二手房(杭州链家),103115553557,3室2厅1厨2卫,普通住宅,满五年,"https://image1.ljcdn.com/110000-inspection/16d4acb1-ade6-494d-be6d-a10e044fe4a5_1000.jpg.1420x800.jpg,https://image1.ljcdn.com/110000-inspection/c7b26cd4-a57d-4ff5-858f-350cca8cbb38_1000.jpg.1420x800.jpg,https://image1.ljcdn.com/110000-inspection/85610d05-c6c3-4ecd-9dbb-7c210a2c6607_1000.jpg.1420x800.jpg,https://image1.ljcdn.com/x-se/hdic-frame/standard_dbbcc433-2b07-4f15-88cc-04dbb3fbfec6.png.1066x800.jpg,https://image1.ljcdn.com/110000-inspection/4b474ad6-18a0-412a-b748-6dee142d72c6_1000.jpg.1420x800.jpg,https://image1.ljcdn.com/110000-inspection/bc00571d-a00d-44d5-ae9a-9c1390aa7b1b_1000.jpg.1420x800.jpg,https://image1.ljcdn.com/110000-inspection/pc0_LwL7x8Jtq.jpg.1420x800.jpg,https://image1.ljcdn.com/110000-inspection/pc0_jtzfyBdmE.jpg.1420x800.jpg",有,2014-06-17,两梯两户, ,无抵押,非共有,2021-06-13,,精装,245,11,商品房,27445
82.26,71.37,北干二苑新安寓,南,高楼层 (共6层),双北干，精装修边套全明户型五号线育才北路站_杭州萧山萧山市区北干二苑新安寓二手房(杭州链家),103115510357,3室1厅1厨1卫,普通住宅,满两年,"https://image1.ljcdn.com/110000-inspection/pc1_lqyO6V2lU_1.jpg.1420x800.jpg,https://image1.ljcdn.com/110000-inspection/apc_6a717OR6c_1.jpg.1420x800.jpg,https://image1.ljcdn.com/110000-inspection/pc0_Ros2WUXXS_1.jpg.1420x800.jpg,https://image1.ljcdn.com/x-se/hdic-frame/standard_174ecec3-91e6-46d1-bfdc-99f71d03994c.png.1066x800.jpg,https://image1.ljcdn.com/110000-inspection/pc0_fHO9WfKA3_1.jpg.1420x800.jpg,https://image1.ljcdn.com/110000-inspection/pc0_89gt6UoMD_1.jpg.1420x800.jpg,https://image1.ljcdn.com/110000-inspection/pc0_76LoQVNK5_1.jpg.1420x800.jpg,https://image1.ljcdn.com/110000-inspection/pc0_56nCsEbxt_1.jpg.1420x800.jpg,https://image1.ljcdn.com/110000-inspection/pc0_X2pWr4JJJ_1.jpg.1420x800.jpg",无,2018-11-27,一梯两户, ,无抵押,非共有,2021-06-11,,精装,268,6,商品房,32580
82.07,,万科未来城二期,南,高楼层 (共34层),楼层佳，户型方正，房东诚心出售，TOD小区_杭州余杭良渚万科未来城二期二手房(杭州链家),103115545724,3室2厅1厨1卫,普通住宅,满两年,"https://image1.ljcdn.com/110000-inspection/pc1_DGpDLp0N8_1.jpg.1420x800.jpg,https://image1.ljcdn.com/110000-inspection/pc0_kpru7i6JZ_1.jpg.1420x800.jpg,https://image1.ljcdn.com/110000-inspection/pc0_hxEpykXBu_2.jpg.1420x800.jpg,https://image1.ljcdn.com/x-se/hdic-frame/standard_9d94e7bc-2936-49a5-8a94-dec3d7b3ff71.png.1066x800.jpg,https://image1.ljcdn.com/110000-inspection/pc0_lmQoobw9i_1.jpg.1420x800.jpg,https://image1.ljcdn.com/110000-inspection/pc0_1JF47mg6h_2.jpg.1420x800.jpg,https://image1.ljcdn.com/110000-inspection/pc0_Zo2UMfApU_2.jpg.1420x800.jpg,https://image1.ljcdn.com/110000-inspection/pc0_Cme9K3Fm0_1.jpg.1420x800.jpg",有,2018-05-09,两梯四户, ,无抵押,共有,2021-06-13,,精装,335,34,商品房,40819
89.13,67.5,德信泊林春天,南,高楼层 (共32层),边套户型，高楼层，采光好，使用面积多_杭州萧山钱江世纪城德信泊林春天二手房(杭州链家),103115548389,3室2厅1厨2卫,普通住宅,满两年,"https://image1.ljcdn.com/110000-inspection/pc1_KHA2zMjd6_2.jpg.1420x800.jpg,https://image1.ljcdn.com/110000-inspection/pc0_kZfQN3kBy_1.jpg.1420x800.jpg,https://image1.ljcdn.com/110000-inspection/pc0_e8WYlbiP9_1.jpg.1420x800.jpg,https://image1.ljcdn.com/x-se/hdic-frame/standard_ea6860f0-c159-4e43-8264-5bc65d821ad6.png.1066x800.jpg,https://image1.ljcdn.com/110000-inspection/pc0_cE4u66Ply_1.jpg.1420x800.jpg,https://image1.ljcdn.com/110000-inspection/pc0_s4BeFXvRV_1.jpg.1420x800.jpg,https://image1.ljcdn.com/110000-inspection/pc0_kz48KCN3Y_1.jpg.1420x800.jpg,https://image1.ljcdn.com/110000-inspection/pc0_jZ8oTHQOc_1.jpg.1420x800.jpg",有,2018-08-23,三梯六户, ,有抵押38万元,非共有,2021-06-13,,精装,319,32,商品房,35791
76.56,,新城红郡,南,低楼层 (共13层),带露台两房视野好客厅带阳台_杭州江干丁桥新城红郡二手房(杭州链家),103115644201,2室1厅1厨1卫,普通住宅,满两年,"https://image1.ljcdn.com/110000-inspection/apc_35rjomS79_1.jpg.1420x800.jpg,https://image1.ljcdn.com/110000-inspection/apc_ZgqJkdJuX_1.jpg.1420x800.jpg,https://image1.ljcdn.com/x-se/hdic-frame/standard_db8af65c-efb4-479c-8c73-d100f7ba0842.png.1066x800.jpg,https://image1.ljcdn.com/110000-inspection/apc_0ATALAfnD_1.jpg.1420x800.jpg,https://image1.ljcdn.com/110000-inspection/pc0_Ub49hIVII_1.jpg.1420x800.jpg",有,2018-06-05,两梯三户, ,无抵押,共有,2021-06-19,,精装,220,13,商品房,28736
88.43,,九龙仓君玺,南,中楼层 (共31层),九龙仓君玺88.43方全明东边套精装修出行便利_杭州下城和平九龙仓君玺二手房(杭州链家),103115570346,2室1厅1厨1卫,普通住宅,满两年,"https://image1.ljcdn.com/110000-inspection/pc1_WQ0rSXqe2_1.jpg.1420x800.jpg,https://image1.ljcdn.com/110000-inspection/pc0_AwuG2nex7_1.jpg.1420x800.jpg,https://image1.ljcdn.com/110000-inspection/pc0_tIJVj0N91_1.jpg.1420x800.jpg,https://image1.ljcdn.com/x-se/hdic-frame/standard_92f69508-a3e4-46a2-baa3-514298d80622.png.1066x800.jpg,https://image1.ljcdn.com/110000-inspection/pc0_LbjddEg6o_1.jpg.1420x800.jpg,https://image1.ljcdn.com/110000-inspection/pc0_9ZVfyC7PB_1.jpg.1420x800.jpg,https://image1.ljcdn.com/110000-inspection/pc0_rQpYevo9m_1.jpg.1420x800.jpg,https://image1.ljcdn.com/110000-inspection/pc0_UBd9seLL1_1.jpg.1420x800.jpg",有,2018-06-08,两梯四户, ,有抵押中国农业银行,非共有,2021-06-14,,精装,700,31,商品房,79159
71.49,65.65,育才西苑,南 北,低楼层 (共6层),育才西苑，满五年，杭发厂地铁，配套成熟，交通便利_杭州萧山萧山市区育才西苑二手房(杭州链家),103115552255,2室1厅1厨1卫,普通住宅,满五年,"https://image1.ljcdn.com/110000-inspection/pc1_2S0nNzT4y_1.jpg.1420x800.jpg,https://image1.ljcdn.com/110000-inspection/pc0_DrdBTPS5N_1.jpg.1420x800.jpg,https://image1.ljcdn.com/110000-inspection/pc0_gP9rpflRc_1.jpg.1420x800.jpg,https://image1.ljcdn.com/x-se/hdic-frame/standard_c8a788a7-8c75-47e3-89c8-c04ba9a80b61.png.1066x800.jpg,https://image1.ljcdn.com/110000-inspection/pc0_vvLR08R24_1.jpg.1420x800.jpg,https://image1.ljcdn.com/110000-inspection/pc0_vIzc8p4Y1_1.jpg.1420x800.jpg,https://image1.ljcdn.com/110000-inspection/pc0_8exCYEbHH_1.jpg.1420x800.jpg,https://image1.ljcdn.com/110000-inspection/pc0_eOSygG2aK_1.jpg.1420x800.jpg",无,1997-12-24,一梯两户, ,无抵押,非共有,2021-06-13,,简装,200,6,商品房,27976
81.45,68.95,东园大楼,南 西,高楼层 (共20层),地铁二号线建国北路站，电梯高层好房，双阳台_杭州下城建国北路东园大楼二手房(杭州链家),103103077279,2室2厅1厨1卫,普通住宅,满五年,"https://image1.ljcdn.com/330100-inspection/test-d2650f8a-4ca3-4050-8c43-22f63156a9e5.png.1420x800.jpg,https://image1.ljcdn.com/330100-inspection/test-92c82e24-0816-4043-bcc6-52674dcc1ad3.png.1420x800.jpg,https://image1.ljcdn.com/330100-inspection/test-0f184ea0-17c3-43dd-897f-7769ba4afa99.png.1420x800.jpg,https://image1.ljcdn.com/x-se/hdic-frame/test-bcfc2d87-34fd-460c-b056-ad5d76f5ba0b.png.1066x800.jpg,https://image1.ljcdn.com/330100-inspection/test-d67a8c9e-ac1a-4c3d-b38a-f891bec556a0.png.1420x800.jpg,https://image1.ljcdn.com/330100-inspection/test-d60ebe6d-cd95-45ff-a4b8-abc6de7a5f42.png.1420x800.jpg,https://image1.ljcdn.com/330100-inspection/test-949d4a56-10ac-4f4a-942d-73d6181e5407.png.1420x800.jpg,https://image1.ljcdn.com/330100-inspection/test-bf46edb0-3d3d-4714-8ded-3815754dd491.png.1420x800.jpg",有,2010-11-09,两梯八户, ,有抵押50万元客户偿还,共有,2018-10-09,,简装,275,20,商品房,33764
100.51,,天汇园,南,低楼层 (共7层),业主诚意出售，装修全新刚有两年拎包入住的！_杭州萧山萧山新城区天汇园二手房(杭州链家),103115506030,3室1厅1厨2卫,商住两用,满五年,"https://image1.ljcdn.com/110000-inspection/pc1_bS1PWVeIX_1.jpg.1420x800.jpg,https://image1.ljcdn.com/110000-inspection/pc0_W2lkU6K5A_1.jpg.1420x800.jpg,https://image1.ljcdn.com/110000-inspection/pc0_y0TaiFZix_1.jpg.1420x800.jpg,https://image1.ljcdn.com/x-se/hdic-frame/standard_f6c0441a-f52d-4bbb-8937-3a3f55fbf0a4.png.1066x800.jpg,https://image1.ljcdn.com/110000-inspection/pc0_Sm9GfqPLW_1.jpg.1420x800.jpg,https://image1.ljcdn.com/110000-inspection/pc0_9xN3wu7rQ_1.jpg.1420x800.jpg,https://image1.ljcdn.com/110000-inspection/pc0_nuickWrXL_1.jpg.1420x800.jpg,https://image1.ljcdn.com/110000-inspection/pc0_Ysd3SWpny_1.jpg.1420x800.jpg",暂无数据,2006-09-20,一梯一户, ,无抵押,非共有,2021-06-10,,精装,189,7,商品房,18805
88.76,63.81,世茂江滨花园碧景湾,南,低楼层 (共33层),万家灯火城四畔，世茂一览钱塘余。_杭州钱塘区沿江南世茂江滨花园碧景湾二手房(杭州链家),103115686847,2室1厅1厨1卫,普通住宅,满五年,"https://image1.ljcdn.com/110000-inspection/pc1_NJC7yhbbl_1.jpg.1420x800.jpg,https://image1.ljcdn.com/110000-inspection/pc0_loIsrv4gs_1.jpg.1420x800.jpg,https://image1.ljcdn.com/110000-inspection/apc_bv6QisQEY_1.jpg.1420x800.jpg,https://image1.ljcdn.com/x-se/hdic-frame/standard_e78f614e-050f-4ae3-aea2-a6ed03f8e20b.png.1066x800.jpg,https://image1.ljcdn.com/110000-inspection/apc_87pAZAztL_1.jpg.1420x800.jpg,https://image1.ljcdn.com/110000-inspection/pc0_1yPjha1Gw_1.jpg.1420x800.jpg,https://image1.ljcdn.com/110000-inspection/pc0_kgYKFx6Rc_1.jpg.1420x800.jpg",有,2015-12-31,两梯四户, ,有抵押46万元中国银行庆春支行客户偿还,共有,2021-06-21,,精装,253,33,商品房,28504
88.11,69.62,金隅观澜时代朗轩,南,低楼层 (共29层),观澜时代精装三房，双阳台，业主诚心出售_杭州钱塘区沿江南金隅观澜时代朗轩二手房(杭州链家),103115554827,3室1厅1厨1卫,普通住宅,满五年,"https://image1.ljcdn.com/110000-inspection/pc0_s3csP1wnn_1.jpg.1420x800.jpg,https://image1.ljcdn.com/110000-inspection/apc_8H2x7sVFe_1.jpg.1420x800.jpg,https://image1.ljcdn.com/x-se/hdic-frame/standard_10a1e669-a5ab-487d-81be-fd54c53439e7.png.1066x800.jpg,https://image1.ljcdn.com/110000-inspection/apc_TMB4PHoqg_1.jpg.1420x800.jpg,https://image1.ljcdn.com/110000-inspection/apc_FQsF1d4AK_1.jpg.1420x800.jpg,https://image1.ljcdn.com/110000-inspection/pc0_YbVHDCMYt_1.jpg.1420x800.jpg,https://image1.ljcdn.com/110000-inspection/pc0_DRjwBx2KP_1.jpg.1420x800.jpg",有,2013-09-17,两梯四户, ,有抵押50万元,共有,2021-06-13,,精装,275,29,商品房,31211
112.21,,锦绣兰庭(临安),南,中楼层 (共7层),配套齐全户型通透楼层好小区环境好_杭州临安临安锦绣兰庭(临安)二手房(杭州链家),103115471305,3室1厅1厨2卫,普通住宅,满五年,"https://image1.ljcdn.com/110000-inspection/pc1_GjQIq4mzV_2.jpg.1420x800.jpg,https://image1.ljcdn.com/110000-inspection/pc0_x0DHcmFzL_2.jpg.1420x800.jpg,https://image1.ljcdn.com/110000-inspection/pc0_zoe6r9Qlk.jpg.1420x800.jpg,https://image1.ljcdn.com/x-se/hdic-frame/standard_8a12a484-1604-4462-a8de-02e75ab37881.png.1066x800.jpg,https://image1.ljcdn.com/110000-inspection/pc0_MHfCZ4SGE_1.jpg.1420x800.jpg,https://image1.ljcdn.com/110000-inspection/pc0_FkMtbLnLi_2.jpg.1420x800.jpg,https://image1.ljcdn.com/110000-inspection/pc0_0o6nhdlAw_1.jpg.1420x800.jpg,https://image1.ljcdn.com/110000-inspection/pc0_lSihQb17X_1.jpg.1420x800.jpg",无,2013-04-08,一梯两户, ,无抵押,共有,2021-06-08,,毛坯,165,7,商品房,14705
266.36,230.05,东方一品公寓,南,低楼层 (共31层),建设一路地铁口旁，公交车站大门口，出行便捷！_杭州萧山萧山新城区东方一品公寓二手房(杭州链家),103111622564,5室2厅1厨3卫,普通住宅,满五年,"https://image1.ljcdn.com/110000-inspection/apc_7GvcxzVRs_1.jpg.1420x800.jpg,https://image1.ljcdn.com/110000-inspection/pc0_ARGoKISTN_1.jpg.1420x800.jpg,https://image1.ljcdn.com/x-se/hdic-frame/standard_663a2c15-fedc-4727-801c-a213e0f23958.png.1066x800.jpg,https://image1.ljcdn.com/110000-inspection/apc_x5dTo4Sbw_1.jpg.1420x800.jpg,https://image1.ljcdn.com/110000-inspection/pc0_QvpvDON7j_1.jpg.1420x800.jpg,https://image1.ljcdn.com/110000-inspection/pc0_9RDqyfdR4_1.jpg.1420x800.jpg,https://image1.ljcdn.com/110000-inspection/pc0_HoNM2TdkN_1.jpg.1420x800.jpg,https://image1.ljcdn.com/110000-inspection/apc_QufPKhM5b_1.jpg.1420x800.jpg,https://image1.ljcdn.com/110000-inspection/pc0_jSBVsFNJX_1.jpg.1420x800.jpg,https://image1.ljcdn.com/110000-inspection/pc0_8ML1Lu9TV_1.jpg.1420x800.jpg,https://image1.ljcdn.com/110000-inspection/pc0_TZNo1t2yx_1.jpg.1420x800.jpg,https://image1.ljcdn.com/110000-inspection/pc0_QKy2fpViH_1.jpg.1420x800.jpg,https://image1.ljcdn.com/110000-inspection/pc0_2JmBNptMH_1.jpg.1420x800.jpg,https://image1.ljcdn.com/110000-inspection/pc0_jJr3IsKYJ_1.jpg.1420x800.jpg,https://image1.ljcdn.com/110000-inspection/pc0_BAkphTKcO_1.jpg.1420x800.jpg,https://image1.ljcdn.com/110000-inspection/pc0_WuHBbIGHn_1.jpg.1420x800.jpg",有,2016-01-25,两梯两户, ,有抵押160万元江苏银行股份有限公司杭州分行业主自还,非共有,2020-10-07,,毛坯,800,31,商品房,30035
44.24,38.52,翰林花园,南,中楼层 (共6层),此房满五不唯一，无综合税，两房朝南，采光充足_杭州上城潮鸣翰林花园二手房(杭州链家),103115599842,2室1厅1厨1卫,普通住宅,满五年,"https://image1.ljcdn.com/110000-inspection/pc1_kLmVo7xQ6_1.jpg.1420x800.jpg,https://image1.ljcdn.com/110000-inspection/apc_lw52sAhW3_1.jpg.1420x800.jpg,https://image1.ljcdn.com/110000-inspection/apc_M82LKKVne_1.jpg.1420x800.jpg,https://image1.ljcdn.com/x-se/hdic-frame/standard_5a68e1b5-751b-472a-ad61-6dc58cf0b71a.png.1066x800.jpg,https://image1.ljcdn.com/110000-inspection/apc_9yqTNzvLG_1.jpg.1420x800.jpg,https://image1.ljcdn.com/110000-inspection/pc0_ez9nKZzXp_1.jpg.1420x800.jpg,https://image1.ljcdn.com/110000-inspection/pc0_R01mGShy3_1.jpg.1420x800.jpg",无,2013-06-10,一梯三户, ,无抵押,共有,2021-06-16,,简装,230,6,商品房,51990
89.14,72.15,玺之湾,南,低楼层 (共17层),精装修，满五唯一，诚心出售，看房方便_杭州江干丁桥玺之湾二手房(杭州链家),103115377235,3室2厅1厨1卫,普通住宅,满五年,"https://image1.ljcdn.com/110000-inspection/pc0_OoVt8gbsi_1.jpg.1420x800.jpg,https://image1.ljcdn.com/110000-inspection/pc0_7xSCS38Tm_1.jpg.1420x800.jpg,https://image1.ljcdn.com/x-se/hdic-frame/standard_bb2a7c0d-f18f-412f-8c09-6a14a3ec05ab.png.1066x800.jpg,https://image1.ljcdn.com/110000-inspection/pc0_QPKHacHav_1.jpg.1420x800.jpg,https://image1.ljcdn.com/110000-inspection/apc_EtMOSqSWC_1.jpg.1420x800.jpg,https://image1.ljcdn.com/110000-inspection/pc0_1trzilzZr_1.jpg.1420x800.jpg,https://image1.ljcdn.com/110000-inspection/pc0_eEYx3CK6Z_1.jpg.1420x800.jpg",有,2016-01-20,两梯四户, ,有抵押60万元,共有,2021-06-03,,精装,295,17,商品房,33095
122.59,,青山湖玫瑰园,精装,低楼层 (共1层),青山湖玫瑰园精装合院，拎包入住_杭州临安临安青山湖玫瑰园二手房(杭州链家),103115308663,3室2厅1厨2卫,别墅,满两年,"https://image1.ljcdn.com/110000-inspection/apc_Mepd9xyeO_1.jpg.1420x800.jpg,https://image1.ljcdn.com/110000-inspection/apc_FzR57zMwB_1.jpg.1420x800.jpg,https://image1.ljcdn.com/x-se/hdic-frame/standard_d89f3af9-0d23-4f2b-9d8a-83705351b889.png.1066x800.jpg,https://image1.ljcdn.com/110000-inspection/apc_RqPSyIOQy_1.jpg.1420x800.jpg,https://image1.ljcdn.com/110000-inspection/apc_01DKuE7bD_1.jpg.1420x800.jpg,https://image1.ljcdn.com/110000-inspection/pc0_yK7naAyib_1.jpg.1420x800.jpg,https://image1.ljcdn.com/110000-inspection/pc0_6rGUqE3Xj_1.jpg.1420x800.jpg,https://image1.ljcdn.com/110000-inspection/pc0_lgZ34fRjx_1.jpg.1420x800.jpg,https://image1.ljcdn.com/110000-inspection/pc0_wrerXjslM_1.jpg.1420x800.jpg",,2019-01-09,, ,有抵押190万元兴业银行业主自还,非共有,2021-05-30,,,679,1,商品房,55388
89.37,89.37,星汇花园,南,低楼层 (共33层),房东诚心出售，三房两卫，小区居住环境舒适。_杭州临安青山湖科技城星汇花园二手房(杭州链家),103115450601,3室2厅1厨2卫,普通住宅,满两年,"https://image1.ljcdn.com/330100-inspection/pc1_FUtA86fi2_1.jpg.1420x800.jpg,https://image1.ljcdn.com/330100-inspection/apc_VJVugaoqk_1.jpg.1420x800.jpg,https://image1.ljcdn.com/330100-inspection/apc_1EhVrdJw4_1.jpg.1420x800.jpg,https://image1.ljcdn.com/x-se/hdic-frame/standard_cefca1be-1959-4a25-9ab5-0833d664c6d4.png.1066x800.jpg,https://image1.ljcdn.com/330100-inspection/pc0_AYCuBm9UA_1.jpg.1420x800.jpg,https://image1.ljcdn.com/330100-inspection/pc0_AEjYrdvdo_1.jpg.1420x800.jpg,https://image1.ljcdn.com/330100-inspection/pc0_JiUFBkh4l_1.jpg.1420x800.jpg,https://image1.ljcdn.com/330100-inspection/pc0_x3FT2iLDK_1.jpg.1420x800.jpg",有,2019-04-06,两梯四户, ,有抵押57万元中国银行业主自还,共有,2021-06-07,,毛坯,233,33,商品房,26072
285.44,236.56,毓秀家园,南,高楼层 (共16层),品质小区，跃层，户型方正，满五，视野好_杭州临平区临平毓秀家园二手房(杭州链家),103114317853,6室3厅1厨3卫,普通住宅,满五年,"https://image1.ljcdn.com/110000-inspection/pc0_XOeFAO2Bl_1.jpg.1420x800.jpg,https://image1.ljcdn.com/110000-inspection/pc0_NGPjkkhLb_1.jpg.1420x800.jpg,https://image1.ljcdn.com/x-se/hdic-frame/standard_7a2e0bc5-fe77-40ef-a8fb-c52481538e6f.png.1066x800.jpg,https://image1.ljcdn.com/110000-inspection/pc0_W6SBTM81k_1.jpg.1420x800.jpg,https://image1.ljcdn.com/110000-inspection/pc0_ZN6S3fQhk_1.jpg.1420x800.jpg,https://image1.ljcdn.com/110000-inspection/pc0_d7qPImNrv_1.jpg.1420x800.jpg,https://image1.ljcdn.com/110000-inspection/apc_PMhJvtB2n_1.jpg.1420x800.jpg,https://image1.ljcdn.com/110000-inspection/pc0_Bb5oeSF7k_1.jpg.1420x800.jpg,https://image1.ljcdn.com/110000-inspection/pc0_phHdxtSRi_1.jpg.1420x800.jpg,https://image1.ljcdn.com/110000-inspection/pc0_tJIsnb3Ns_1.jpg.1420x800.jpg,https://image1.ljcdn.com/110000-inspection/pc0_iUheO1st6_1.jpg.1420x800.jpg,https://image1.ljcdn.com/110000-inspection/pc0_qorizIkX0_1.jpg.1420x800.jpg",有,2016-05-09,两梯两户, ,有抵押566万元中国银行业主自还,共有,2021-04-06,,毛坯,680,16,商品房,23823
91.09,68.33,树兰书香名邸,南,中楼层 (共32层),树兰书香名邸：满五唯一，三房，住宅性质。诚心出售_杭州临平区临平树兰书香名邸二手房(杭州链家),103114058145,3室2厅1厨1卫,普通住宅,满五年,"https://image1.ljcdn.com/110000-inspection/apc_4tJmwKYWK_1.jpg.1420x800.jpg,https://image1.ljcdn.com/110000-inspection/pc0_UbQnD7k6P_1.jpg.1420x800.jpg,https://image1.ljcdn.com/x-se/hdic-frame/standard_9d01ab71-b969-4e48-bfbf-84409dce3d07.png.1066x800.jpg,https://image1.ljcdn.com/110000-inspection/pc0_6wQrt3qw6_1.jpg.1420x800.jpg,https://image1.ljcdn.com/110000-inspection/pc0_exHOXizgb_1.jpg.1420x800.jpg,https://image1.ljcdn.com/110000-inspection/pc0_rNwL1lsp3_1.jpg.1420x800.jpg,https://image1.ljcdn.com/110000-inspection/apc_5txWZpHw5_1.jpg.1420x800.jpg,https://image1.ljcdn.com/110000-inspection/pc0_yvNbtQZSl_1.jpg.1420x800.jpg,https://image1.ljcdn.com/110000-inspection/pc0_HUkail0iz_1.jpg.1420x800.jpg,https://image1.ljcdn.com/110000-inspection/pc0_w78WXmrbF_1.jpg.1420x800.jpg,https://image1.ljcdn.com/110000-inspection/pc0_r1k4JZORM_1.jpg.1420x800.jpg,https://image1.ljcdn.com/110000-inspection/pc0_8J8AO9E5w_1.jpg.1420x800.jpg",有,2014-06-05,两梯三户, ,无抵押,共有,2021-03-24,,毛坯,182,32,商品房,19981
90.84,,越秀景瑞悦见山,南,低楼层 (共18层),越秀景瑞悦见山3室1厅南_杭州临平区临平越秀景瑞悦见山二手房(杭州链家),103115614236,3室1厅1厨2卫,普通住宅,未满两年,"https://image1.ljcdn.com/110000-inspection/pc1_MmAJ42Pb5.jpg.1420x800.jpg,https://image1.ljcdn.com/110000-inspection/pc0_X29jvd19U_1.jpg.1420x800.jpg,https://image1.ljcdn.com/110000-inspection/apc_Hc49dZZBZ_1.jpg.1420x800.jpg,https://image1.ljcdn.com/x-se/hdic-frame/standard_2c4704cd-2ea0-4f18-b9f4-68ea5bd163ef.png.1066x800.jpg,https://image1.ljcdn.com/110000-inspection/pc0_YwelooAri_1.jpg.1420x800.jpg,https://image1.ljcdn.com/110000-inspection/apc_AJdNTGGY1_1.jpg.1420x800.jpg,https://image1.ljcdn.com/110000-inspection/pc0_ezTCIoyvr.jpg.1420x800.jpg,https://image1.ljcdn.com/110000-inspection/apc_Naqmfdknd_1.jpg.1420x800.jpg,https://image1.ljcdn.com/110000-inspection/pc0_YJHc15xmL_1.jpg.1420x800.jpg,https://image1.ljcdn.com/110000-inspection/pc0_8P9tTG1BL.jpg.1420x800.jpg,https://image1.ljcdn.com/110000-inspection/pc0_na75RYEKR.jpg.1420x800.jpg,https://image1.ljcdn.com/110000-inspection/pc0_WnxplHjgQ.jpg.1420x800.jpg,https://image1.ljcdn.com/110000-inspection/pc0_akPVCrj8O_1.jpg.1420x800.jpg",有,2021-06-11,两梯四户, ,有抵押108万元中国农业银行股份有限公司杭州余杭支行业主自还,非共有,2021-06-17,,精装,275,18,商品房,30274
89.67,,越秀景瑞悦见山,南,中楼层 (共20层),西边套户型，精装修刚需小三房，采光好，随时可看_杭州临平区临平越秀景瑞悦见山二手房(杭州链家),103115611625,3室1厅1厨2卫,普通住宅,未满两年,"https://image1.ljcdn.com/110000-inspection/pc1_LOL3hhJ5Q_1.jpg.1420x800.jpg,https://image1.ljcdn.com/110000-inspection/apc_36D3dq1k1_1.jpg.1420x800.jpg,https://image1.ljcdn.com/110000-inspection/apc_J4jHjj1pb_1.jpg.1420x800.jpg,https://image1.ljcdn.com/x-se/hdic-frame/standard_4061e260-092b-48c1-87fb-b6ac4ae336fb.png.1066x800.jpg,https://image1.ljcdn.com/110000-inspection/pc0_OEEZq2JKV_1.jpg.1420x800.jpg,https://image1.ljcdn.com/110000-inspection/apc_fz1Uw6jmQ_1.jpg.1420x800.jpg,https://image1.ljcdn.com/110000-inspection/pc0_p1Ix1QoSn_1.jpg.1420x800.jpg,https://image1.ljcdn.com/110000-inspection/pc0_BIeaEPlGw_1.jpg.1420x800.jpg,https://image1.ljcdn.com/110000-inspection/pc0_NAdOJMyJj_1.jpg.1420x800.jpg,https://image1.ljcdn.com/110000-inspection/pc0_dKf6BsY5W_1.jpg.1420x800.jpg,https://image1.ljcdn.com/110000-inspection/pc0_6BPErTTYd_1.jpg.1420x800.jpg,https://image1.ljcdn.com/110000-inspection/pc0_BxH316eRt_1.jpg.1420x800.jpg,https://image1.ljcdn.com/110000-inspection/pc0_6EMF1wGGJ_1.jpg.1420x800.jpg",有,2021-02-04,两梯四户, ,无抵押,共有,2021-06-17,,精装,252,20,商品房,28104
91.13,,华瑞晴庐,南,高楼层 (共18层),华瑞晴庐4室2厅南_杭州萧山萧山新城区华瑞晴庐二手房(杭州链家),103114265626,4室2厅1厨3卫,普通住宅,满两年,"https://image1.ljcdn.com/110000-inspection/pc1_FjM1L9Hb1_1.jpg.1420x800.jpg,https://image1.ljcdn.com/110000-inspection/pc0_eZGcNhba5_1.jpg.1420x800.jpg,https://image1.ljcdn.com/110000-inspection/pc0_n9nkiJ6EX_1.jpg.1420x800.jpg,https://image1.ljcdn.com/x-se/hdic-frame/standard_df768c46-92ba-46a3-ad85-9731da90d268.png.1066x800.jpg,https://image1.ljcdn.com/110000-inspection/pc0_F7pjFjKkM_1.jpg.1420x800.jpg,https://image1.ljcdn.com/110000-inspection/pc0_81omj5nLP_1.jpg.1420x800.jpg,https://image1.ljcdn.com/110000-inspection/pc0_ByrPqijeU_1.jpg.1420x800.jpg,https://image1.ljcdn.com/110000-inspection/apc_09tZXMee1_1.jpg.1420x800.jpg,https://image1.ljcdn.com/110000-inspection/pc0_72DSdsASi_1.jpg.1420x800.jpg,https://image1.ljcdn.com/110000-inspection/pc0_pOXXuU8TX_1.jpg.1420x800.jpg,https://image1.ljcdn.com/110000-inspection/pc0_plxpSSlyO_1.jpg.1420x800.jpg,https://image1.ljcdn.com/110000-inspection/pc0_u1p2JpJK2_1.jpg.1420x800.jpg",有,2017-08-23,两梯三户, ,有抵押100万元邮政储蓄银行,共有,2021-04-03,,毛坯,390,18,商品房,42797
208.42,,金棕榈花园,南 北,高楼层 (共10层),优质江景房！*赞好户型！！南看江北看山！！！_杭州上城复兴金棕榈花园二手房(杭州链家),103114264238,4室1厅1厨1卫,普通住宅,满五年,"https://image1.ljcdn.com/110000-inspection/pc0_zubTbsGX3_1.jpg.1420x800.jpg,https://image1.ljcdn.com/110000-inspection/apc_6COCeqtnA_1.jpg.1420x800.jpg,https://image1.ljcdn.com/x-se/hdic-frame/standard_70aea42f-f9d9-4d62-93ae-c2e85c622ae8.png.1066x800.jpg,https://image1.ljcdn.com/110000-inspection/apc_vWFjXT4kf_1.jpg.1420x800.jpg,https://image1.ljcdn.com/110000-inspection/pc0_bVvqheTFL_1.jpg.1420x800.jpg,https://image1.ljcdn.com/110000-inspection/pc0_oo8xSoXRv_1.jpg.1420x800.jpg,https://image1.ljcdn.com/110000-inspection/pc0_SiSR0MXHC_1.jpg.1420x800.jpg,https://image1.ljcdn.com/110000-inspection/pc0_9GhZv6zJu_1.jpg.1420x800.jpg,https://image1.ljcdn.com/110000-inspection/pc0_jx5cFF7kD_1.jpg.1420x800.jpg,https://image1.ljcdn.com/110000-inspection/pc0_dGoAbpNCa_1.jpg.1420x800.jpg,https://image1.ljcdn.com/110000-inspection/pc0_dYAgs2HQc_1.jpg.1420x800.jpg,https://image1.ljcdn.com/110000-inspection/pc0_wJuB7s0tL_1.jpg.1420x800.jpg",有,2005-03-21,两梯两户, ,无抵押,共有,2021-04-03,,简装,1100,10,商品房,52779
164.1,,逸城,精装,中楼层 (共4层),上叠，精装修，家具家电全带，视野开阔，户型方正_杭州富阳东洲逸城二手房(杭州链家),103109358632,4室2厅1厨3卫,别墅,满两年,"https://image1.ljcdn.com/110000-inspection/pc0_mlajrLBjw_1.jpg.1420x800.jpg,https://image1.ljcdn.com/110000-inspection/pc0_GwFOWhO3i_1.jpg.1420x800.jpg,https://image1.ljcdn.com/x-se/hdic-frame/standard_3f1529c4-b4aa-4930-9d3e-884d6eacc60f.png.1066x800.jpg,https://image1.ljcdn.com/110000-inspection/pc0_FSMxrVZih_1.jpg.1420x800.jpg,https://image1.ljcdn.com/110000-inspection/pc0_yVQ6gUKM2_1.jpg.1420x800.jpg,https://image1.ljcdn.com/110000-inspection/pc0_xeplVnKW7_1.jpg.1420x800.jpg,https://image1.ljcdn.com/110000-inspection/pc0_i4qBlYsO9_1.jpg.1420x800.jpg,https://image1.ljcdn.com/110000-inspection/pc0_I4ZQrmKU0_1.jpg.1420x800.jpg,https://image1.ljcdn.com/110000-inspection/pc0_lX9Frue8J_1.jpg.1420x800.jpg,https://image1.ljcdn.com/110000-inspection/pc0_gJzuOtuzU_1.jpg.1420x800.jpg,https://image1.ljcdn.com/110000-inspection/pc0_1sC9sj3xQ_1.jpg.1420x800.jpg,https://image1.ljcdn.com/110000-inspection/pc0_6nNWS8ISN_1.jpg.1420x800.jpg,https://image1.ljcdn.com/110000-inspection/pc0_Yn1efFllN_1.jpg.1420x800.jpg",,2017-09-04,, ,无抵押,共有,2020-05-25,,,358,4,商品房,21816
89.34,,东厦东港花苑,南,高楼层 (共5层),精装三房，花园洋房，顶层楼层，无电梯_杭州临平区临平东厦东港花苑二手房(杭州链家),103114202093,3室2厅1厨1卫,普通住宅,满两年,"https://image1.ljcdn.com/110000-inspection/pc1_grrYoo0qe_1.jpg.1420x800.jpg,https://image1.ljcdn.com/110000-inspection/apc_GNKVqlJ6q_1.jpg.1420x800.jpg,https://image1.ljcdn.com/110000-inspection/apc_nkslfTuL9_1.jpg.1420x800.jpg,https://image1.ljcdn.com/x-se/hdic-frame/standard_00275500-c2c6-48d6-91b5-719d40117e8e.png.1066x800.jpg,https://image1.ljcdn.com/110000-inspection/pc0_p55r6zNjX_1.jpg.1420x800.jpg,https://image1.ljcdn.com/110000-inspection/apc_MEs8SymZz_1.jpg.1420x800.jpg,https://image1.ljcdn.com/110000-inspection/pc0_WzGNl53qf_1.jpg.1420x800.jpg,https://image1.ljcdn.com/110000-inspection/apc_iGChveHDo_1.jpg.1420x800.jpg,https://image1.ljcdn.com/110000-inspection/pc0_rGNDQUJ6A_1.jpg.1420x800.jpg,https://image1.ljcdn.com/110000-inspection/pc0_s52umYP6V_1.jpg.1420x800.jpg,https://image1.ljcdn.com/110000-inspection/pc0_Tf4ZqhGg0_1.jpg.1420x800.jpg,https://image1.ljcdn.com/110000-inspection/pc0_fXGrg58Ru_1.jpg.1420x800.jpg",无,2017-03-28,一梯两户, ,无抵押,共有,2021-03-31,,简装,210,5,商品房,23506
288.04,274.86,绿城桃源小镇,南,低楼层 (共3层),绿城品质排屋，东边套，花园面积大_杭州余杭闲林绿城桃源小镇二手房(杭州链家),103113234690,5室2厅1厨4卫,普通住宅,满五年,"https://image1.ljcdn.com/110000-inspection/pc0_IUFr5z5i2_1.jpg.1420x800.jpg,https://image1.ljcdn.com/110000-inspection/pc0_VvA3EBx0T_1.jpg.1420x800.jpg,https://image1.ljcdn.com/x-se/hdic-frame/standard_83fb22ea-c49c-4836-9d34-4f3d552cdb73.png.1066x800.jpg,https://image1.ljcdn.com/110000-inspection/pc0_hyridppOV_1.jpg.1420x800.jpg,https://image1.ljcdn.com/110000-inspection/pc0_t4D0HnIBQ_1.jpg.1420x800.jpg,https://image1.ljcdn.com/110000-inspection/pc0_ykgeURR3m_1.jpg.1420x800.jpg,https://image1.ljcdn.com/110000-inspection/pc0_RDT1LKM5s_1.jpg.1420x800.jpg,https://image1.ljcdn.com/110000-inspection/pc0_XgjDaesuG_1.jpg.1420x800.jpg,https://image1.ljcdn.com/110000-inspection/pc0_NwzWGNjM3_1.jpg.1420x800.jpg,https://image1.ljcdn.com/110000-inspection/pc0_iIlGaHLDe_1.jpg.1420x800.jpg,https://image1.ljcdn.com/110000-inspection/pc0_VeLrVWxSd_1.jpg.1420x800.jpg,https://image1.ljcdn.com/110000-inspection/pc0_lsWbfHKiR_1.jpg.1420x800.jpg",无,2011-02-25,一梯四户, ,无抵押,共有,2021-01-29,,毛坯,1300,3,商品房,45133
139.51,,中兴花园百合苑,南,高楼层 (共13层),中兴花园百合苑跃层户型空间大带露台_杭州滨江滨江区政府中兴花园百合苑二手房(杭州链家),103115121484,5室2厅1厨2卫,普通住宅,满五年,"https://image1.ljcdn.com/110000-inspection/pc0_PmATLaAzU_1.jpg.1420x800.jpg,https://image1.ljcdn.com/110000-inspection/pc0_qoekwO9R0_1.jpg.1420x800.jpg,https://image1.ljcdn.com/x-se/hdic-frame/standard_165067b5-3460-44d7-939d-986d95e6ac6e.png.1066x800.jpg,https://image1.ljcdn.com/110000-inspection/pc0_4iAXoOOm4_1.jpg.1420x800.jpg,https://image1.ljcdn.com/110000-inspection/pc0_vgyN4NS6h_1.jpg.1420x800.jpg,https://image1.ljcdn.com/110000-inspection/pc0_BBlg8Hox7_1.jpg.1420x800.jpg,https://image1.ljcdn.com/110000-inspection/pc0_1zFPnP0kR_1.jpg.1420x800.jpg,https://image1.ljcdn.com/110000-inspection/pc0_GLXmGQpXR_1.jpg.1420x800.jpg,https://image1.ljcdn.com/110000-inspection/pc0_cuqFY7xYH_1.jpg.1420x800.jpg,https://image1.ljcdn.com/110000-inspection/pc0_dicDcqx2o_1.jpg.1420x800.jpg,https://image1.ljcdn.com/110000-inspection/pc0_iyQXAieRD_1.jpg.1420x800.jpg,https://image1.ljcdn.com/110000-inspection/pc0_iYYkfPrmy_1.jpg.1420x800.jpg",有,2007-02-03,一梯两户, ,无抵押,共有,2021-05-20,,简装,780,13,商品房,55910
121.43,,越秀景瑞悦见山,南 北,低楼层 (共18层),可以拎包入住，已经改装完成，南北通透格局_杭州临平区临平越秀景瑞悦见山二手房(杭州链家),103115514736,4室2厅1厨2卫,普通住宅,未满两年,"https://image1.ljcdn.com/110000-inspection/pc1_d5BGxc0Z0_1.jpg.1420x800.jpg,https://image1.ljcdn.com/110000-inspection/pc0_To0Q5i8EV_1.jpg.1420x800.jpg,https://image1.ljcdn.com/110000-inspection/apc_wlf523s0z_1.jpg.1420x800.jpg,https://image1.ljcdn.com/x-se/hdic-frame/standard_0bddf2f4-7782-4520-adde-17088321d13b.png.1066x800.jpg,https://image1.ljcdn.com/110000-inspection/pc0_KZVPWuTq6.jpg.1420x800.jpg,https://image1.ljcdn.com/110000-inspection/pc0_rVKnDBRK7_1.jpg.1420x800.jpg,https://image1.ljcdn.com/110000-inspection/pc0_heiFERfly.jpg.1420x800.jpg,https://image1.ljcdn.com/110000-inspection/pc0_9rhGPekSB.jpg.1420x800.jpg,https://image1.ljcdn.com/110000-inspection/pc0_dvn2mP0A4_1.jpg.1420x800.jpg,https://image1.ljcdn.com/110000-inspection/pc0_nNWvaHPgp_1.jpg.1420x800.jpg,https://image1.ljcdn.com/110000-inspection/pc0_gk57api72.jpg.1420x800.jpg,https://image1.ljcdn.com/110000-inspection/pc0_LDjpVJQxg.jpg.1420x800.jpg,https://image1.ljcdn.com/110000-inspection/pc0_DdxvUeTwK.jpg.1420x800.jpg,https://image1.ljcdn.com/110000-inspection/pc0_B9shIafHn.jpg.1420x800.jpg,https://image1.ljcdn.com/110000-inspection/pc0_ZsjB1HGQZ_1.jpg.1420x800.jpg",有,2020-12-30,两梯四户, ,无抵押,共有,2021-06-11,,精装,334.6,18,商品房,27555
126.19,,绿城蓝庭西区,南 北,中楼层 (共18层),绿城蓝庭西区，一本证，绿城品质_杭州临平区临平绿城蓝庭西区二手房(杭州链家),103115107097,3室2厅1厨2卫,普通住宅,满两年,"https://image1.ljcdn.com/110000-inspection/pc1_Egao0Jv00_1.jpg.1420x800.jpg,https://image1.ljcdn.com/110000-inspection/apc_IUS8B6WT8_1.jpg.1420x800.jpg,https://image1.ljcdn.com/110000-inspection/pc0_cJpLxahBu_1.jpg.1420x800.jpg,https://image1.ljcdn.com/x-se/hdic-frame/standard_243ef9a7-bb2d-43c8-9d27-c2bfb20afba5.png.1066x800.jpg,https://image1.ljcdn.com/110000-inspection/pc0_Kx3qdvfOI_1.jpg.1420x800.jpg,https://image1.ljcdn.com/110000-inspection/apc_WXWVFKetN_1.jpg.1420x800.jpg,https://image1.ljcdn.com/110000-inspection/pc0_iHRKqRbOh_1.jpg.1420x800.jpg,https://image1.ljcdn.com/110000-inspection/apc_oqwi5EBkv_1.jpg.1420x800.jpg,https://image1.ljcdn.com/110000-inspection/pc0_j4MKaBWZ3_1.jpg.1420x800.jpg,https://image1.ljcdn.com/110000-inspection/pc0_e5DxgJ1Oa_1.jpg.1420x800.jpg,https://image1.ljcdn.com/110000-inspection/pc0_YgNaAq366_1.jpg.1420x800.jpg,https://image1.ljcdn.com/110000-inspection/pc0_HqNQG6XtB.jpg.1420x800.jpg,https://image1.ljcdn.com/110000-inspection/pc0_bBNi9ewb6_1.jpg.1420x800.jpg,https://image1.ljcdn.com/110000-inspection/pc0_sESkknH2Y_1.jpg.1420x800.jpg",有,2017-06-26,两梯三户, ,有抵押74万元中国工商银行业主自还,共有,2021-05-19,,毛坯,348,18,商品房,27578
224.68,,苏黎士小镇,精装,中楼层 (共5层),湘湖景区叠排出售婚房装修带带露台诚心出售_杭州萧山湘湖苏黎士小镇二手房(杭州链家),103113775012,4室3厅1厨4卫,别墅,满五年,"https://image1.ljcdn.com/110000-inspection/pc0_vSaKTbwIT_1.jpg.1420x800.jpg,https://image1.ljcdn.com/110000-inspection/pc0_8QRrJHpsa_1.jpg.1420x800.jpg,https://image1.ljcdn.com/x-se/hdic-frame/standard_49985488-b2db-49e1-b3c5-72019f7e229d.png.1066x800.jpg,https://image1.ljcdn.com/110000-inspection/apc_zZo45reNu_1.jpg.1420x800.jpg,https://image1.ljcdn.com/110000-inspection/apc_Whf0zvoQ1_1.jpg.1420x800.jpg,https://image1.ljcdn.com/110000-inspection/apc_XgCYz1eCe_1.jpg.1420x800.jpg,https://image1.ljcdn.com/110000-inspection/pc0_OgLR2oXu1_1.jpg.1420x800.jpg,https://image1.ljcdn.com/110000-inspection/pc0_E983KxY04_1.jpg.1420x800.jpg,https://image1.ljcdn.com/110000-inspection/pc0_EmkkaS01Y_1.jpg.1420x800.jpg,https://image1.ljcdn.com/110000-inspection/pc0_6oFKzLN7S_1.jpg.1420x800.jpg,https://image1.ljcdn.com/110000-inspection/pc0_QUSF0QaUM_1.jpg.1420x800.jpg",,2016-04-20,, ,有抵押180万元180,非共有,2021-03-10,,,850,5,商品房,37832
117.91,,金帝海珀二期,南,高楼层 (共26层),紧靠万宝城，楼层好，交通便利，小区环境好_杭州临平区临平金帝海珀二期二手房(杭州链家),103114026364,3室1厅1厨2卫,普通住宅,满两年,"https://image1.ljcdn.com/110000-inspection/pc1_12BHKhYk7_1.jpg.1420x800.jpg,https://image1.ljcdn.com/110000-inspection/apc_zJNgsbWnD_1.jpg.1420x800.jpg,https://image1.ljcdn.com/110000-inspection/apc_yEy4aFhFH_1.jpg.1420x800.jpg,https://image1.ljcdn.com/x-se/hdic-frame/standard_806532f7-7862-4ecf-afb5-78c00495c64d.png.1066x800.jpg,https://image1.ljcdn.com/110000-inspection/pc0_xLrHOt9CC_1.jpg.1420x800.jpg,https://image1.ljcdn.com/110000-inspection/pc0_pjfJE5PY7_1.jpg.1420x800.jpg,https://image1.ljcdn.com/110000-inspection/pc0_9Z4HPV5aT_1.jpg.1420x800.jpg,https://image1.ljcdn.com/110000-inspection/pc0_TJZ4M3jvt_1.jpg.1420x800.jpg,https://image1.ljcdn.com/110000-inspection/pc0_ofNVAQhq2_1.jpg.1420x800.jpg,https://image1.ljcdn.com/110000-inspection/pc0_fcg7j2gx4_1.jpg.1420x800.jpg,https://image1.ljcdn.com/110000-inspection/pc0_KDHudwPzV_1.jpg.1420x800.jpg,https://image1.ljcdn.com/110000-inspection/pc0_tsCGCjFzT_1.jpg.1420x800.jpg,https://image1.ljcdn.com/110000-inspection/pc0_fe91Fk4cx_1.jpg.1420x800.jpg,https://image1.ljcdn.com/110000-inspection/pc0_sBOsZxlPz_1.jpg.1420x800.jpg",有,2019-06-12,两梯两户, ,有抵押150万元,非共有,2021-03-22,,精装,310,26,商品房,26292
90.58,,新城山语院,南,高楼层 (共19层),地铁口次新房精装修房东诚心出售看房方便_杭州临平区临平新城山语院二手房(杭州链家),103113536678,3室2厅1厨2卫,普通住宅,满两年,"https://image1.ljcdn.com/110000-inspection/pc1_W0XAl23QH_1.jpg.1420x800.jpg,https://image1.ljcdn.com/110000-inspection/pc0_TNBYUojqG_1.jpg.1420x800.jpg,https://image1.ljcdn.com/110000-inspection/apc_14wb2kxdo_1.jpg.1420x800.jpg,https://image1.ljcdn.com/x-se/hdic-frame/standard_29c21b66-80a5-4662-81e5-ddc09481d230.png.1066x800.jpg,https://image1.ljcdn.com/110000-inspection/pc0_qzfT0zALu_1.jpg.1420x800.jpg,https://image1.ljcdn.com/110000-inspection/apc_Gx0gKv8KQ_1.jpg.1420x800.jpg,https://image1.ljcdn.com/110000-inspection/pc0_Zxv3BZ9V3_1.jpg.1420x800.jpg,https://image1.ljcdn.com/110000-inspection/pc0_PDIPPmnVz_1.jpg.1420x800.jpg,https://image1.ljcdn.com/110000-inspection/pc0_CSOTJFlSu_1.jpg.1420x800.jpg,https://image1.ljcdn.com/110000-inspection/pc0_umbaiE62K_1.jpg.1420x800.jpg,https://image1.ljcdn.com/110000-inspection/pc0_mEgpbch6l_1.jpg.1420x800.jpg,https://image1.ljcdn.com/110000-inspection/pc0_efcldnZz7_1.jpg.1420x800.jpg,https://image1.ljcdn.com/110000-inspection/pc0_EACs8OZ96_1.jpg.1420x800.jpg,https://image1.ljcdn.com/110000-inspection/pc0_lhdZI56Sd_1.jpg.1420x800.jpg",有,2017-06-26,两梯四户, ,有抵押77万元,非共有,2021-02-27,,精装,220,19,商品房,24288
116.4,,莱茵知己,南 北,中楼层 (共15层),南北通，纯边套，楼层采光好，无遮挡物，价格实惠_杭州临平区临平莱茵知己二手房(杭州链家),103111773033,3室2厅1厨2卫,普通住宅,满两年,"https://image1.ljcdn.com/110000-inspection/pc1_uveMtIGnJ_1.jpg.1420x800.jpg,https://image1.ljcdn.com/110000-inspection/apc_66CylyziJ_1.jpg.1420x800.jpg,https://image1.ljcdn.com/110000-inspection/apc_KET2PUMOR_1.jpg.1420x800.jpg,https://image1.ljcdn.com/x-se/hdic-frame/standard_79204d1e-6c11-4ba7-98b7-19c6aa2ec094.png.1066x800.jpg,https://image1.ljcdn.com/110000-inspection/pc0_uXsWRFG7K_1.jpg.1420x800.jpg,https://image1.ljcdn.com/110000-inspection/pc0_CqguqNE0N.jpg.1420x800.jpg,https://image1.ljcdn.com/110000-inspection/pc0_ZMzLU2XCk.jpg.1420x800.jpg,https://image1.ljcdn.com/110000-inspection/apc_i68ppMuql_1.jpg.1420x800.jpg,https://image1.ljcdn.com/110000-inspection/pc0_3gD0Nmo1F_1.jpg.1420x800.jpg,https://image1.ljcdn.com/110000-inspection/pc0_GVFus3ZjU_1.jpg.1420x800.jpg,https://image1.ljcdn.com/110000-inspection/pc0_b22Imj74X.jpg.1420x800.jpg,https://image1.ljcdn.com/110000-inspection/pc0_F8GNZdHbE.jpg.1420x800.jpg",有,2017-08-02,两梯四户, ,有抵押62万元,共有,2020-10-16,,简装,265,15,商品房,22767
99.93,,万泰城章,南,高楼层 (共7层),花园洋房顶楼带阁楼精装修50万有车位_杭州临平区临平万泰城章二手房(杭州链家),103112626723,4室2厅1厨2卫,普通住宅,满两年,"https://image1.ljcdn.com/110000-inspection/pc0_hp9qnOpkW.jpg.1420x800.jpg,https://image1.ljcdn.com/110000-inspection/422f748b-920d-452b-8a86-15a1e84c1ab9_1000.jpg.1420x800.jpg,https://image1.ljcdn.com/x-se/hdic-frame/standard_585ebe8b-92ef-45a2-aaba-84f8d4524756.png.1066x800.jpg,https://image1.ljcdn.com/110000-inspection/apc_AXSZ1d3Yy_1.jpg.1420x800.jpg,https://image1.ljcdn.com/110000-inspection/pc0_PDZGidZJN.jpg.1420x800.jpg,https://image1.ljcdn.com/110000-inspection/pc0_PlYLcC9mw_1.jpg.1420x800.jpg,https://image1.ljcdn.com/110000-inspection/pc0_KbOcujIoL_1.jpg.1420x800.jpg,https://image1.ljcdn.com/110000-inspection/pc0_qwYG6XSx3_1.jpg.1420x800.jpg,https://image1.ljcdn.com/110000-inspection/pc0_Cqs8Sjy5N_1.jpg.1420x800.jpg,https://image1.ljcdn.com/110000-inspection/pc0_eR3o5xeEB_1.jpg.1420x800.jpg,https://image1.ljcdn.com/110000-inspection/pc0_dpIsEe0by_1.jpg.1420x800.jpg,https://image1.ljcdn.com/110000-inspection/pc0_pEdX2O2Ts.jpg.1420x800.jpg",有,2017-08-15,一梯两户, ,有抵押53万元,非共有,2020-12-13,,精装,320,7,商品房,32023
184.7,143.8,开元广场,南,低楼层 (共32层),70年产权开元广场满五年，税费少毛坯房户型好_杭州萧山南部卧城开元广场二手房(杭州链家),103102750755,4室1厅1厨3卫,普通住宅,满五年,"https://image1.ljcdn.com/330100-inspection/prod-ac39f45c-d236-454b-bdc9-cbef45ec2bab.jpg.1420x800.jpg,https://image1.ljcdn.com/330100-inspection/prod-ed787ccb-6bb5-46c2-bc7a-be0427bade02.jpg.1420x800.jpg,https://image1.ljcdn.com/330100-inspection/prod-2f2e2359-8225-407c-ab6a-0c7770088a6d.jpg.1420x800.jpg,https://image1.ljcdn.com/x-se/hdic-frame/prod-fbe6a08d-39b3-4639-ae65-eea9c9d395c6.png.1066x800.jpg,https://image1.ljcdn.com/330100-inspection/prod-4802d595-d31a-405c-8ffb-c085228973e3.jpg.1420x800.jpg,https://image1.ljcdn.com/330100-inspection/prod-7bdd225b-846d-4e5d-beb7-147429412cd1.jpg.1420x800.jpg,https://image1.ljcdn.com/330100-inspection/prod-51cbfc62-5553-400a-96b5-eb10ff1678f9.jpg.1420x800.jpg,https://image1.ljcdn.com/330100-inspection/prod-71649c8c-cbb9-46f2-92d9-a60b37806d28.jpg.1420x800.jpg,https://image1.ljcdn.com/330100-inspection/prod-97fd035a-3bdd-466e-adae-57d205a60491.jpg.1420x800.jpg,https://image1.ljcdn.com/330100-inspection/prod-05a48795-f57a-4aa3-b0e3-da090cd0aa8a.jpg.1420x800.jpg,https://image1.ljcdn.com/330100-inspection/prod-3b407c9f-9d8b-4058-8323-3b38053d3bf9.jpg.1420x800.jpg,https://image1.ljcdn.com/330100-inspection/prod-e7e0873d-c208-43e6-ab78-6866e337122b.jpg.1420x800.jpg",有,2015-04-14,两梯两户, ,有抵押470万元业主自还,共有,2018-08-18,,毛坯,535,32,商品房,28966
96.59,,金帝海珀二期,南,低楼层 (共32层),楼层好户型格局好采光充足_杭州临平区临平金帝海珀二期二手房(杭州链家),103114695295,3室2厅1厨2卫,普通住宅,满两年,"https://image1.ljcdn.com/110000-inspection/pc1_EN9tEL0Cf_1.jpg.1420x800.jpg,https://image1.ljcdn.com/110000-inspection/pc0_V91ccVcb2_1.jpg.1420x800.jpg,https://image1.ljcdn.com/110000-inspection/pc0_dh9Z6G99l_1.jpg.1420x800.jpg,https://image1.ljcdn.com/x-se/hdic-frame/standard_9d8048ae-9fbd-4244-a3e3-0e6ecb5182d1.png.1066x800.jpg,https://image1.ljcdn.com/110000-inspection/pc0_10RplVike_1.jpg.1420x800.jpg,https://image1.ljcdn.com/110000-inspection/apc_3iv2eUtNm_1.jpg.1420x800.jpg,https://image1.ljcdn.com/110000-inspection/pc0_z2M5nYGrN_1.jpg.1420x800.jpg,https://image1.ljcdn.com/110000-inspection/apc_QPbYzofQp_1.jpg.1420x800.jpg,https://image1.ljcdn.com/110000-inspection/pc0_vFsHPgjAK_1.jpg.1420x800.jpg,https://image1.ljcdn.com/110000-inspection/pc0_UOfMqQWqf_1.jpg.1420x800.jpg,https://image1.ljcdn.com/110000-inspection/pc0_u73RnKzKH_1.jpg.1420x800.jpg,https://image1.ljcdn.com/110000-inspection/pc0_N9rPgdYgc_1.jpg.1420x800.jpg,https://image1.ljcdn.com/110000-inspection/pc0_wIC8AsjV3_1.jpg.1420x800.jpg,https://image1.ljcdn.com/110000-inspection/pc0_Cux5qGCxI_1.jpg.1420x800.jpg",有,2017-05-02,两梯四户, ,有抵押170万元,共有,2021-04-25,,简装,245,32,商品房,25365
138.2,,绿城蓝庭东区,南,中楼层 (共9层),绿城甄选：高品质住宅，大三房，大阳台，看房方便。_杭州临平区临平绿城蓝庭东区二手房(杭州链家),103113627624,3室2厅1厨2卫,普通住宅,满五年,"https://image1.ljcdn.com/110000-inspection/pc1_ucjKUxq20_1.jpg.1420x800.jpg,https://image1.ljcdn.com/110000-inspection/pc0_UT60iJdBD_1.jpg.1420x800.jpg,https://image1.ljcdn.com/110000-inspection/apc_Lb4TKxcZe_1.jpg.1420x800.jpg,https://image1.ljcdn.com/x-se/hdic-frame/standard_e759900b-184a-4756-9b4c-65e7edc7b563.png.1066x800.jpg,https://image1.ljcdn.com/110000-inspection/pc0_O2kEgn2T1_1.jpg.1420x800.jpg,https://image1.ljcdn.com/110000-inspection/apc_QPCB1JUhN_1.jpg.1420x800.jpg,https://image1.ljcdn.com/110000-inspection/pc0_hh5wjJAKZ_1.jpg.1420x800.jpg,https://image1.ljcdn.com/110000-inspection/apc_6Wr3OHzrQ_1.jpg.1420x800.jpg,https://image1.ljcdn.com/110000-inspection/pc0_hWO1F9mPc_1.jpg.1420x800.jpg,https://image1.ljcdn.com/110000-inspection/apc_9VmxUE0PY_1.jpg.1420x800.jpg,https://image1.ljcdn.com/110000-inspection/pc0_Muds4zyQL_1.jpg.1420x800.jpg,https://image1.ljcdn.com/110000-inspection/pc0_nK78QXdGt_1.jpg.1420x800.jpg,https://image1.ljcdn.com/110000-inspection/pc0_myArHmq4K_1.jpg.1420x800.jpg,https://image1.ljcdn.com/110000-inspection/pc0_4DIiImJGU_1.jpg.1420x800.jpg,https://image1.ljcdn.com/110000-inspection/pc0_fdY0pu2Zh_1.jpg.1420x800.jpg,https://image1.ljcdn.com/110000-inspection/pc0_TwlxuMIkP_1.jpg.1420x800.jpg",有,2009-12-28,一梯两户, ,无抵押,非共有,2021-03-03,,毛坯,350,9,商品房,25326
87.07,,新湖果岭,东南,低楼层 (共29层),新湖果岭3室2厅东南_杭州余杭未来科技城新湖果岭二手房(杭州链家),103115412387,3室2厅1厨1卫,普通住宅,满五年,"https://image1.ljcdn.com/110000-inspection/apc_ccenVKlrs_1.jpg.1420x800.jpg,https://image1.ljcdn.com/110000-inspection/apc_0camxSvSi_1.jpg.1420x800.jpg,https://image1.ljcdn.com/x-se/hdic-frame/standard_1b89d603-24f7-4e3e-8f54-d954f1e5be30.png.1066x800.jpg,https://image1.ljcdn.com/110000-inspection/pc0_9svHZIPRl_1.jpg.1420x800.jpg,https://image1.ljcdn.com/110000-inspection/pc0_Q3abcBvay_1.jpg.1420x800.jpg,https://image1.ljcdn.com/110000-inspection/pc0_WNZHlbqlw_1.jpg.1420x800.jpg,https://image1.ljcdn.com/110000-inspection/pc0_jYvkZ20uh_1.jpg.1420x800.jpg",有,2014-12-10,两梯四户, ,无抵押,共有,2021-06-05,,精装,436,29,商品房,50075
88.19,67.72,中海钱塘山水,南 北,中楼层 (共32层),钱塘山水中海物业小区环境优美配套设施设备齐全_杭州滨江浦沿中海钱塘山水二手房(杭州链家),103115372651,4室2厅1厨2卫,普通住宅,满五年,"https://image1.ljcdn.com/110000-inspection/pc1_JBn95ppHk_1.jpg.1420x800.jpg,https://image1.ljcdn.com/110000-inspection/pc0_6fEVJtlJD_1.jpg.1420x800.jpg,https://image1.ljcdn.com/110000-inspection/pc0_TYBB82LbH_1.jpg.1420x800.jpg,https://image1.ljcdn.com/x-se/hdic-frame/standard_5bd5766d-fe0f-4844-b7f8-5944ae26eec9.png.1066x800.jpg,https://image1.ljcdn.com/110000-inspection/apc_dwBIUoXVz_1.jpg.1420x800.jpg,https://image1.ljcdn.com/110000-inspection/pc0_MMKX1D68X_1.jpg.1420x800.jpg,https://image1.ljcdn.com/110000-inspection/apc_NHjOKsh2M_1.jpg.1420x800.jpg,https://image1.ljcdn.com/110000-inspection/pc0_ZTcGTD2AP_1.jpg.1420x800.jpg,https://image1.ljcdn.com/110000-inspection/pc0_Eg7FFiWlf_1.jpg.1420x800.jpg",有,2011-04-07,两梯四户, ,无抵押,共有,2021-06-03,,简装,520,32,商品房,58964
86.98,64.01,和昌府,南,高楼层 (共18层),和昌府中上楼层自住精装带家具家电基本全新_杭州余杭良渚和昌府二手房(杭州链家),103115451708,3室2厅1厨2卫,普通住宅,满两年,"https://image1.ljcdn.com/110000-inspection/pc0_EdYz5w9bG_1.jpg.1420x800.jpg,https://image1.ljcdn.com/110000-inspection/pc0_we9wz4HYR_1.jpg.1420x800.jpg,https://image1.ljcdn.com/x-se/hdic-frame/standard_89823656-bd6e-415b-8c4f-18672cc66aab.png.1066x800.jpg,https://image1.ljcdn.com/110000-inspection/pc0_PCDiumlrE_1.jpg.1420x800.jpg,https://image1.ljcdn.com/110000-inspection/pc0_ZeHywCAaA_1.jpg.1420x800.jpg,https://image1.ljcdn.com/110000-inspection/pc0_QYSs49Met_2.jpg.1420x800.jpg,https://image1.ljcdn.com/110000-inspection/pc0_ew3FtFbld_1.jpg.1420x800.jpg,https://image1.ljcdn.com/110000-inspection/pc0_uMd0zbl4m_2.jpg.1420x800.jpg",有,2019-06-13,两梯两户, ,有抵押,共有,2021-06-07,,精装,348,18,商品房,40010
112.28,,众安理想湾,南,低楼层 (共34层),房东诚心出售，小区中间楼幢！带车位_杭州临平区临平众安理想湾二手房(杭州链家),103115297932,3室2厅1厨2卫,普通住宅,满两年,"https://image1.ljcdn.com/110000-inspection/pc1_bzf2HHlOc_1.jpg.1420x800.jpg,https://image1.ljcdn.com/110000-inspection/apc_UgTeWafSk_1.jpg.1420x800.jpg,https://image1.ljcdn.com/110000-inspection/apc_ShKgLVary_1.jpg.1420x800.jpg,https://image1.ljcdn.com/x-se/hdic-frame/standard_4e946666-3497-42ca-b6c8-8b7c9a574575.png.1066x800.jpg,https://image1.ljcdn.com/110000-inspection/apc_rCFepYD8R_1.jpg.1420x800.jpg,https://image1.ljcdn.com/110000-inspection/apc_R7AO2UBhT_1.jpg.1420x800.jpg,https://image1.ljcdn.com/110000-inspection/pc0_UqrMZAC8u_1.jpg.1420x800.jpg,https://image1.ljcdn.com/110000-inspection/pc0_fOn8XU8bt_1.jpg.1420x800.jpg,https://image1.ljcdn.com/110000-inspection/pc0_gVj91ZKvD_1.jpg.1420x800.jpg",有,2018-05-11,两梯四户, ,有抵押82万元82业主自还,共有,2021-05-30,,毛坯,210,34,商品房,18704
121.83,,金帝金色钱塘,南,中楼层 (共24层),金色钱塘自住婚房精装诚心出售看房方便_杭州萧山萧山新城区金帝金色钱塘二手房(杭州链家),103115438477,3室2厅1厨2卫,普通住宅,满两年,"https://image1.ljcdn.com/110000-inspection/pc1_qmBjgdCUY_2.jpg.1420x800.jpg,https://image1.ljcdn.com/110000-inspection/pc0_0bqedK864_2.jpg.1420x800.jpg,https://image1.ljcdn.com/110000-inspection/pc0_LNRlrXowi_1.jpg.1420x800.jpg,https://image1.ljcdn.com/x-se/hdic-frame/standard_14603b81-00b9-49ac-a980-428e9869bfe4.png.1066x800.jpg,https://image1.ljcdn.com/110000-inspection/pc0_MMucN8Uqy_2.jpg.1420x800.jpg,https://image1.ljcdn.com/110000-inspection/pc0_hIWq6a7OM_2.jpg.1420x800.jpg,https://image1.ljcdn.com/110000-inspection/pc0_WDLv1iCPe_2.jpg.1420x800.jpg,https://image1.ljcdn.com/110000-inspection/pc0_r4wR4ZQg3_1.jpg.1420x800.jpg,https://image1.ljcdn.com/110000-inspection/pc0_lB9zlS450_2.jpg.1420x800.jpg",有,2018-10-30,一梯三户, ,有抵押79万元杭州银行业主自还,非共有,2021-06-06,,精装,435,24,商品房,35706
107.95,,天阳棕榈湾二期,南,高楼层 (共6层),采光充足，交通便利，楼层好，带储藏室_杭州余杭良渚天阳棕榈湾二期二手房(杭州链家),103115513563,3室2厅1厨2卫,普通住宅,满五年,"https://image1.ljcdn.com/110000-inspection/pc0_dFxlzIOpf_1.jpg.1420x800.jpg,https://image1.ljcdn.com/110000-inspection/pc0_lHswTidLG_1.jpg.1420x800.jpg,https://image1.ljcdn.com/x-se/hdic-frame/standard_9d2da019-3db0-479c-a287-8da4358060d4.png.1066x800.jpg,https://image1.ljcdn.com/110000-inspection/pc0_sp5XI1jou_1.jpg.1420x800.jpg,https://image1.ljcdn.com/110000-inspection/pc0_2Jo3IJx7n_1.jpg.1420x800.jpg,https://image1.ljcdn.com/110000-inspection/apc_n2MKslY2F_1.jpg.1420x800.jpg,https://image1.ljcdn.com/110000-inspection/pc0_ojLrWYfq8_1.jpg.1420x800.jpg,https://image1.ljcdn.com/110000-inspection/pc0_YNEzcPuik_1.jpg.1420x800.jpg,https://image1.ljcdn.com/110000-inspection/pc0_GLeD7Nsb3_1.jpg.1420x800.jpg",无,2007-03-08,一梯两户, ,无抵押,非共有,2021-06-11,,简装,269,6,商品房,24919
88.4,,龙湖滟澜山丽轩一期,东,中楼层 (共24层),龙湖滟澜山一期跃层两房采光充足_杭州钱塘区金沙湖龙湖滟澜山丽轩一期二手房(杭州链家),103115466647,2室2厅1厨2卫,普通住宅,满五年,"https://image1.ljcdn.com/110000-inspection/pc0_cVrwf8Tzr_1.jpg.1420x800.jpg,https://image1.ljcdn.com/110000-inspection/pc0_vPdk6iIi5_1.jpg.1420x800.jpg,https://image1.ljcdn.com/x-se/hdic-frame/standard_088b8619-489b-4186-8d80-ac4fa3169516.png.1066x800.jpg,https://image1.ljcdn.com/110000-inspection/pc0_6VRbOnhlw_1.jpg.1420x800.jpg,https://image1.ljcdn.com/110000-inspection/pc0_y41t4jKnZ_1.jpg.1420x800.jpg,https://image1.ljcdn.com/110000-inspection/pc0_3QLKY69wS_1.jpg.1420x800.jpg,https://image1.ljcdn.com/110000-inspection/pc0_Tq2unbq4r_1.jpg.1420x800.jpg,https://image1.ljcdn.com/110000-inspection/pc0_1MQFPGo33_1.jpg.1420x800.jpg,https://image1.ljcdn.com/110000-inspection/pc0_egx4O0i4d_1.jpg.1420x800.jpg",有,2014-05-29,四梯十六户, ,有抵押55万元,非共有,2021-06-08,,简装,315,24,商品房,35634
83.11,,绿城紫桂公寓,南 北,中楼层 (共12层),绿城品质，三房户型，小区环境优美，配套齐全_杭州临平区星桥绿城紫桂公寓二手房(杭州链家),103115624660,3室2厅1厨1卫,普通住宅,满两年,"https://image1.ljcdn.com/110000-inspection/pc1_DQtX40XqV_1.jpg.1420x800.jpg,https://image1.ljcdn.com/110000-inspection/apc_DdWAKrAOm_1.jpg.1420x800.jpg,https://image1.ljcdn.com/110000-inspection/apc_aOkYvO8zk_1.jpg.1420x800.jpg,https://image1.ljcdn.com/x-se/hdic-frame/standard_b63dbafc-2979-4147-a225-4b9021106fdf.png.1066x800.jpg,https://image1.ljcdn.com/110000-inspection/apc_x138O2bwZ_1.jpg.1420x800.jpg,https://image1.ljcdn.com/110000-inspection/pc0_atcabn7Wb_1.jpg.1420x800.jpg,https://image1.ljcdn.com/110000-inspection/pc0_mJyZ0E5Sc_1.jpg.1420x800.jpg,https://image1.ljcdn.com/110000-inspection/pc0_zsCh2Q0vw_1.jpg.1420x800.jpg",有,2016-11-17,两梯两户, ,有抵押90万元,非共有,2021-06-17,,简装,210,12,商品房,25268
100.32,87.85,南城景园,南 北,中楼层 (共6层),南城景园，满五年，精装修，全明，南北通透，中间楼层_杭州萧山南部卧城南城景园二手房(杭州链家),103115545022,3室2厅1厨2卫,普通住宅,满五年,"https://image1.ljcdn.com/110000-inspection/pc1_sXhiBGFdg_1.jpg.1420x800.jpg,https://image1.ljcdn.com/110000-inspection/apc_NsgJERII6_1.jpg.1420x800.jpg,https://image1.ljcdn.com/110000-inspection/apc_hSCmC4Kr3_1.jpg.1420x800.jpg,https://image1.ljcdn.com/x-se/hdic-frame/standard_248a12f4-02ef-44b9-adc4-8cb01b1999f3.png.1066x800.jpg,https://image1.ljcdn.com/110000-inspection/apc_FIfahBWqZ_1.jpg.1420x800.jpg,https://image1.ljcdn.com/110000-inspection/apc_aOF5LFuTD_1.jpg.1420x800.jpg,https://image1.ljcdn.com/110000-inspection/apc_Hk2AcjldC_1.jpg.1420x800.jpg,https://image1.ljcdn.com/110000-inspection/pc0_FMnk6poJi_1.jpg.1420x800.jpg,https://image1.ljcdn.com/110000-inspection/pc0_q7SEOc9wS_1.jpg.1420x800.jpg,https://image1.ljcdn.com/110000-inspection/pc0_zE9gL5Kd9_1.jpg.1420x800.jpg",无,2012-09-27,一梯两户, ,无抵押,非共有,2021-06-12,,精装,235,6,商品房,23426
82.64,,府新花园西区,南 西 北,中楼层 (共6层),此房满五，楼层好，位置好，有储藏室，诚心出售_杭州西湖文三西路府新花园西区二手房(杭州链家),103115455514,3室1厅1厨1卫,普通住宅,满五年,"https://image1.ljcdn.com/110000-inspection/pc1_OeT9pt8t3_2.jpg.1420x800.jpg,https://image1.ljcdn.com/110000-inspection/apc_e2CJvLtdt_1.jpg.1420x800.jpg,https://image1.ljcdn.com/110000-inspection/pc0_pnVZpZY76_1.jpg.1420x800.jpg,https://image1.ljcdn.com/x-se/hdic-frame/standard_44b5b6a2-d737-4965-958c-ee0a2dee123c.png.1066x800.jpg,https://image1.ljcdn.com/110000-inspection/apc_9jwHQF60V_1.jpg.1420x800.jpg,https://image1.ljcdn.com/110000-inspection/pc0_eAbXoRmUP_1.jpg.1420x800.jpg,https://image1.ljcdn.com/110000-inspection/pc0_wyJaasamX_1.jpg.1420x800.jpg,https://image1.ljcdn.com/110000-inspection/pc0_1DYN09LIJ_1.jpg.1420x800.jpg",无,2001-04-25,一梯两户, ,无抵押,非共有,2021-06-07,,精装,490,6,商品房,59294
50.78,44.76,霞湾巷小区,南,中楼层 (共7层),霞湾巷精装两居室东边套全明户型_杭州拱墅大关霞湾巷小区二手房(杭州链家),103115699716,2室1厅1厨1卫,普通住宅,满五年,"https://image1.ljcdn.com/110000-inspection/apc_k73oNh5KD_1.jpg.1420x800.jpg,https://image1.ljcdn.com/110000-inspection/apc_Dvt9FZGm6_1.jpg.1420x800.jpg,https://image1.ljcdn.com/x-se/hdic-frame/standard_d35986b8-a47b-4282-a5b0-632b7aa97ce5.png.1066x800.jpg,https://image1.ljcdn.com/110000-inspection/pc0_f2Ed94q2J_1.jpg.1420x800.jpg,https://image1.ljcdn.com/110000-inspection/pc0_bzsm7mv47_1.jpg.1420x800.jpg",无,2013-03-05,一梯三户, ,无抵押,共有,2021-06-22,,精装,245,7,已购公房,48248
42.78,,玄坛弄,南,低楼层 (共6层),玄坛弄2室1厅南_杭州下城天水玄坛弄二手房(杭州链家),103115724969,2室1厅1厨1卫,普通住宅,满五年,"https://image1.ljcdn.com/110000-inspection/apc_xkZK3SNkV_1.jpg.1420x800.jpg,https://image1.ljcdn.com/110000-inspection/pc0_3OZp1P9GF_1.jpg.1420x800.jpg,https://image1.ljcdn.com/x-se/hdic-frame/standard_62a11107-8de6-4374-946d-1f3bd69f216f.png.1066x800.jpg,https://image1.ljcdn.com/110000-inspection/apc_SK5DFa63H_1.jpg.1420x800.jpg,https://image1.ljcdn.com/110000-inspection/pc0_E0nhj68zh_1.jpg.1420x800.jpg,https://image1.ljcdn.com/110000-inspection/pc0_az9CCpVDe_1.jpg.1420x800.jpg",无,2006-10-23,一梯四户, ,无抵押,非共有,2021-06-23,,简装,265,6,商品房,61945
65.79,50.96,凤凰南苑,南,中楼层 (共28层),凤凰南苑南边无遮挡采光好北边可看整个小区景观_杭州上城南星凤凰南苑二手房(杭州链家),103115557815,2室1厅1厨1卫,普通住宅,满五年,"https://image1.ljcdn.com/110000-inspection/pc0_oU3LnQPGt_1.jpg.1420x800.jpg,https://image1.ljcdn.com/110000-inspection/pc0_Jbt3LlgFh_1.jpg.1420x800.jpg,https://image1.ljcdn.com/x-se/hdic-frame/standard_323b7db8-facc-4c67-a47a-af73c34319fa.png.1066x800.jpg,https://image1.ljcdn.com/110000-inspection/pc0_4fdzEW3Us_1.jpg.1420x800.jpg,https://image1.ljcdn.com/110000-inspection/pc0_NvnHOtyoe_1.jpg.1420x800.jpg,https://image1.ljcdn.com/110000-inspection/pc0_6j6473hvW_1.jpg.1420x800.jpg,https://image1.ljcdn.com/110000-inspection/pc0_TMahnGwV9_1.jpg.1420x800.jpg",有,2009-01-19,两梯七户, ,无抵押,共有,2021-06-13,,简装,355,28,已购公房,53960
111.36,87.28,德信浙旅东宸,南,高楼层 (共13层),2017年次新房，东边套，人车分流环境优美，交通方便_杭州江干城东新城德信浙旅东宸二手房(杭州链家),103115548858,3室2厅1厨2卫,普通住宅,满两年,"https://image1.ljcdn.com/110000-inspection/pc0_Vq2T5oFcP_1.jpg.1420x800.jpg,https://image1.ljcdn.com/110000-inspection/pc0_AwSgmJ9jt_2.jpg.1420x800.jpg,https://image1.ljcdn.com/x-se/hdic-frame/standard_c1b2b79a-4495-4019-be9b-fddd04cf582a.png.1066x800.jpg,https://image1.ljcdn.com/110000-inspection/pc0_TA6jXD6Vm_1.jpg.1420x800.jpg,https://image1.ljcdn.com/110000-inspection/pc0_G4KU2AmZF_1.jpg.1420x800.jpg,https://image1.ljcdn.com/110000-inspection/pc0_pKyUPrXSa_1.jpg.1420x800.jpg,https://image1.ljcdn.com/110000-inspection/pc0_3kgpbgiag_1.jpg.1420x800.jpg,https://image1.ljcdn.com/110000-inspection/pc0_hfeoytRew_2.jpg.1420x800.jpg,https://image1.ljcdn.com/110000-inspection/pc0_nYa1rWn70_1.jpg.1420x800.jpg",有,2016-10-26,两梯两户, ,有抵押156万元中国农业银行业主自还,非共有,2021-06-13,,精装,670,13,商品房,60166
110.97,80.65,德圣博奥城,东南,中楼层 (共30层),博奥城绿化如森林地铁口满五唯一精装50万_杭州萧山萧山新城区德圣博奥城二手房(杭州链家),103115562773,3室2厅1厨2卫,普通住宅,满五年,"https://image1.ljcdn.com/110000-inspection/apc_TK0T1kVOU_1.jpg.1420x800.jpg,https://image1.ljcdn.com/110000-inspection/pc0_TM0trFieg_1.jpg.1420x800.jpg,https://image1.ljcdn.com/x-se/hdic-frame/standard_9ad9a7eb-e74c-41d9-9fa8-e966dd089355.png.1066x800.jpg,https://image1.ljcdn.com/110000-inspection/pc0_BYO7qbRRl_1.jpg.1420x800.jpg,https://image1.ljcdn.com/110000-inspection/pc0_FIWyjxoI2_1.jpg.1420x800.jpg,https://image1.ljcdn.com/110000-inspection/pc0_II3kM6EL3_1.jpg.1420x800.jpg,https://image1.ljcdn.com/110000-inspection/pc0_cUqGdC8v3_2.jpg.1420x800.jpg,https://image1.ljcdn.com/110000-inspection/pc0_nCoQn9g1k_1.jpg.1420x800.jpg,https://image1.ljcdn.com/110000-inspection/pc0_T2lZoBsXM_1.jpg.1420x800.jpg",有,2013-07-31,两梯三户, ,有抵押300万元,共有,2021-06-14,,精装,520,30,商品房,46860
